<!DOCTYPE html>
<html><head>

	<meta charset="utf-8" />

	<title>[Gen 7] OU replay: imkgh vs. OblivionWing729 - Pok&eacute;mon Showdown</title>

	<meta name="description" content="Watch a replay of a Pokémon battle between imkgh and OblivionWing729 ([Gen 7] OU)" />

	<meta http-equiv="X-UA-Compatible" content="IE=Edge,chrome=IE8" />
	<link rel="stylesheet" href="http://play.pokemonshowdown.com/style/font-awesome.css?" />
	<link rel="stylesheet" href="http://pokemonshowdown.com/forum/theme/panels.css" />
	<link rel="stylesheet" href="http://pokemonshowdown.com/theme/main.css" />
	<link rel="stylesheet" href="http://play.pokemonshowdown.com/style/battle.css?v0.11.0b042" />
	<link rel="stylesheet" href="http://play.pokemonshowdown.com/style/replay.css?b12" />

	<!-- Workarounds for IE bugs to display trees correctly. -->
	<!--[if lte IE 6]><style> li.tree { height: 1px; } </style><![endif]-->
	<!--[if IE 7]><style> li.tree { zoom: 1; } </style><![endif]-->

	<script type="text/javascript">
		var _gaq = _gaq || [];
		_gaq.push(['_setAccount', 'UA-26211653-1']);
		_gaq.push(['_setDomainName', 'pokemonshowdown.com']);
		_gaq.push(['_setAllowLinker', true]);
		_gaq.push(['_trackPageview']);

		(function() {
			var ga = document.createElement('script'); ga.type = 'text/javascript'; ga.async = true;
			ga.src = ('https:' == document.location.protocol ? 'https://ssl' : 'http://www') + '.google-analytics.com/ga.js';
			var s = document.getElementsByTagName('script')[0]; s.parentNode.insertBefore(ga, s);
		})();
	</script>
</head><body>

	<div class="pfx-topbar">
		<div class="header">
			<ul class="nav">
				<li><a class="button nav-first" href="http://pokemonshowdown.com/"><img src="http://pokemonshowdown.com/images/pokemonshowdownbeta.png" alt="Pok&eacute;mon Showdown! (beta)" /> Home</a></li>
				<li><a class="button" href="http://pokemonshowdown.com/dex/">Pok&eacute;dex</a></li>
				<li><a class="button cur" href="/">Replays</a></li>
				<li><a class="button" href="http://pokemonshowdown.com/ladder/">Ladder</a></li>
				<li><a class="button nav-last" href="http://pokemonshowdown.com/forums/">Forum</a></li>
			</ul>
			<ul class="nav nav-play">
				<li><a class="button greenbutton nav-first nav-last" href="http://play.pokemonshowdown.com/">Play</a></li>
			</ul>
			<div style="clear:both"></div>
		</div>
	</div>
	<div class="pfx-panel"><div class="pfx-body" style="max-width:1180px">
		<div class="wrapper replay-wrapper">

			<div class="battle"><div class="playbutton"><button disabled>Loading...</button></div></div>
			<div class="battle-log"></div>
			<div class="replay-controls">
				<button data-action="start"><i class="fa fa-play"></i> Play</button>
			</div>
			<div class="replay-controls-2">
				<div class="chooser leftchooser speedchooser">
					<em>Speed:</em>
					<div><button class="sel" value="fast">Fast</button><button value="normal">Normal</button><button value="slow">Slow</button><button value="reallyslow">Really Slow</button></div>
				</div>
				<div class="chooser colorchooser">
					<em>Color&nbsp;scheme:</em>
					<div><button class="sel" value="light">Light</button><button value="dark">Dark</button></div>
				</div>
				<div class="chooser soundchooser" style="display:none">
					<em>Music:</em>
					<div><button class="sel" value="on">On</button><button value="off">Off</button></div>
				</div>
			</div>
			<!--[if lte IE 8]>
				<div class="error"><p>&#3232;_&#3232; <strong>You're using an old version of Internet Explorer.</strong></p>
				<p>We use some transparent backgrounds, rounded corners, and other effects that your old version of IE doesn't support.</p>
				<p>Please install <em>one</em> of these: <a href="http://www.google.com/chrome">Chrome</a> | <a href="http://www.mozilla.org/en-US/firefox/">Firefox</a> | <a href="http://windows.microsoft.com/en-US/internet-explorer/products/ie/home">Internet Explorer 9</a></p></div>
			<![endif]-->

			<strong>THIS REPLAY IS PRIVATE</strong> - make sure you have the owner's permission to share<br />
			<pre class="urlbox" style="word-wrap: break-word;">http://replay.pokemonshowdown.com/gen7ou-597723410</pre>

			<h1 style="font-weight:normal;text-align:left"><strong>[Gen 7] OU</strong>: <a href="http://pokemonshowdown.com/users/imkgh" class="subtle">imkgh</a> vs. <a href="http://pokemonshowdown.com/users/oblivionwing729" class="subtle">OblivionWing729</a></h1>
			<p style="padding:0 1em;margin-top:0">
				<small class="uploaddate" data-timestamp="1498842161"><em>Uploaded:</em> Jun 30, 2017</small>
			</p>

			<!--p class="linkbar">[<a href="./">Other replays</a>] [<a href="http://www.smogon.com/forums/showthread.php?t=3453192">Report bugs to the Smogon thread</a>]</p-->
			<div id="loopcount"></div>
		</div>

		<input type="hidden" name="replayid" value="gen7ou-597723410" />
		<script type="text/plain" class="log">|j|imkgh
|j|OblivionWing729
|player|p1|imkgh|7
|teamsize|p1|6
|player|p2|OblivionWing729|2
|teamsize|p2|6
|gametype|singles
|gen|7
|tier|[Gen 7] OU
|rated
|seed|61402,14102,9431,1604
|clearpoke
|poke|p1|Jynx, F|item
|poke|p1|Infernape, F|item
|poke|p1|Rhyperior, F|item
|poke|p1|Swanna, M, shiny|item
|poke|p1|Swinub, L1, M|item
|poke|p1|Gliscor, F|item
|poke|p2|Clefable, F|item
|poke|p2|Chansey, F|item
|poke|p2|Sableye, M|item
|poke|p2|Toxapex, M|item
|poke|p2|Dugtrio, F|item
|poke|p2|Skarmory, F|item
|rule|Sleep Clause Mod: Limit one foe put to sleep
|rule|Species Clause: Limit one of each Pokémon
|rule|OHKO Clause: OHKO moves are banned
|rule|Moody Clause: Moody is banned
|rule|Evasion Moves Clause: Evasion moves are banned
|rule|Endless Battle Clause: Forcing endless battles is banned
|rule|HP Percentage Mod: HP is shown in percentages
|teampreview
|j|gay ladyboner
|j|ayylmaoing
|inactive|Battle timer is ON: inactive players will automatically lose when time's up. (requested by OblivionWing729)
|j|Emperor Wailord
|c| ayylmaoing|dude stall xD
|c|☆imkgh|oh boy
|j|GokuFan420
|c|☆OblivionWing729|;)
|c|☆imkgh|nothing makes me more erect
|c|☆imkgh|than fighting a stall cancerfag
|c|☆OblivionWing729|lvl 1 swinub?
|c| gay ladyboner|[Gen 7] OU	1240	49.2%	1494 ± 32	--	134	129	263
|c| Emperor Wailord|hoge is the stall killer np
|c|☆OblivionWing729|niiice
|choice|team 5, team 2, team 3, team 4, team 1, team 6|team 6, team 2, team 3, team 4, team 5, team 1
|
|start
|switch|p1a: hoge|Swinub, L1, M|12/12
|switch|p2a: Skarmory|Skarmory, F|333/333
|turn|1
|c| gay ladyboner|hey OblivionWing729 nice ranking lol
|c|☆OblivionWing729|i get the fear
|c| gay ladyboner|[Gen 7] OU	1240	49.2%	1494 ± 32	--	134	129	263
|c|☆OblivionWing729|lol
|c| GokuFan420|lol
|c| ayylmaoing|lol
|choice|move hail|switch 3
|
|switch|p2a: Sableye|Sableye, M|303/303
|move|p1a: hoge|Hail|p1a: hoge
|-weather|Hail
|
|-weather|Hail|[upkeep]
|-damage|p2a: Sableye|285/303|[from] hail
|upkeep
|turn|2
|j|pot8o pot@o
|c|☆OblivionWing729|>endeavor
|c|☆OblivionWing729|no?
|c| Emperor Wailord|oh crap it get rocks out
|c|☆OblivionWing729|guess wut
|choice|switch 2|move willowisp
|
|switch|p1a: Monkey Paw|Infernape, F|343/343
|move|p2a: Sableye|Will-O-Wisp|p1a: Monkey Paw
|-immune|p1a: Monkey Paw|[msg]
|
|-weather|Hail|[upkeep]
|-damage|p2a: Sableye|267/303|[from] hail
|upkeep
|turn|3
|c|☆OblivionWing729|ima ghost type :p
|c| Emperor Wailord|what
|c| ayylmaoing|:p
|choice|move taunt|move protect
|
|move|p2a: Sableye|Protect|p2a: Sableye
|-singleturn|p2a: Sableye|Protect
|move|p1a: Monkey Paw|Taunt|p2a: Sableye
|-activate|p2a: Sableye|move: Protect
|
|-weather|Hail|[upkeep]
|-damage|p2a: Sableye|249/303|[from] hail
|upkeep
|turn|4
|c| Emperor Wailord|;D
|c| pot8o pot@o|donk
|choice|move assist|move knockoff
|
|move|p1a: Monkey Paw|Assist|p1a: Monkey Paw
|move|p1a: Monkey Paw|Hail|p1a: Monkey Paw|[from]Assist
|-fail|p1a: Monkey Paw
|move|p2a: Sableye|Knock Off|p1a: Monkey Paw
|-resisted|p1a: Monkey Paw
|-damage|p1a: Monkey Paw|276/343
|-enditem|p1a: Monkey Paw|Safety Goggles|[from] move: Knock Off|[of] p2a: Sableye
|
|-weather|Hail|[upkeep]
|-damage|p1a: Monkey Paw|255/343|[from] hail
|-damage|p2a: Sableye|231/303|[from] hail
|upkeep
|turn|5
|j|ebig maymes
|c|☆OblivionWing729|lol
|c| Emperor Wailord|lel
|j|RectangularBrain
|c| gay ladyboner|i, a dashing young gentlemen, finish off my bottle of mountain dew and take a long draw from my e-cigarette. i open a bag of cool ranch™ doritos and take delight as i eat one of these delicious chips of patrician taste.
|c| gay ladyboner|i lean back in my gamer chair, pondering on what classic game i shall play today. suddenly, it hits me, and i lean forward so fast my fedora almost falls off.
|c| gay ladyboner|i start typing play.pokemonshowdown.com and go to the teambuilder and begin to make a good team, one that only an intellectual will be able to use correctly.
|c| gay ladyboner|"Clefable / Chansey / Sableye / Toxapex / Dugtrio / Skarmory"
|c| gay ladyboner|i press the battle! button and smile, looking forward to the possibilities the ladder may hold.
|c|☆OblivionWing729|..?
|c| RectangularBrain|..bane?
|j|papa johnsons
|c|☆imkgh|/log Emperor Wailord was promoted to Room Voice by imkgh.
|c| ebig maymes|good shitpost
|c| GokuFan420|good pasta
|choice|move taunt|switch 6
|
|switch|p2a: Clefable|Clefable, F|393/393
|move|p1a: Monkey Paw|Taunt|p2a: Clefable
|-start|p2a: Clefable|move: Taunt
|
|-weather|none
|upkeep
|turn|6
|c|+Emperor Wailord|pshhhhhhh.......nothin...............personnel.............kid........
|c|☆OblivionWing729|sht
|c| papa johnsons|oh
|c| RectangularBrain|sht
|c| papa johnsons|stall
|j|DedeleleletWhooop
|c|☆OblivionWing729|tAuNt Me
|choice|switch 6|move moonblast
|
|switch|p1a: fun bade|Gliscor, F|354/354
|move|p2a: Clefable|Moonblast|p1a: fun bade
|-damage|p1a: fun bade|252/354
|
|upkeep
|turn|7
|choice|move sandstorm|move moonblast
|
|move|p1a: fun bade|Sandstorm|p1a: fun bade
|-weather|Sandstorm
|move|p2a: Clefable|Moonblast|p1a: fun bade|[miss]
|-miss|p2a: Clefable|p1a: fun bade
|
|-weather|Sandstorm|[upkeep]
|-damage|p2a: Clefable|369/393|[from] sandstorm
|-heal|p2a: Clefable|393/393|[from] item: Leftovers
|-end|p2a: Clefable|move: Taunt
|upkeep
|turn|8
|c|+Emperor Wailord|time for fun
|c|☆OblivionWing729|lol
|c| papa johnsons|hhXADFngpgdh[ofpivw;kl'nr hes
|c| RectangularBrain|CuCk mE
|c| papa johnsons|/me cucks RectangularBrain
|raw|<div class="broadcast-red"><strong>Moderated chat was set to +!</strong><br />Only users of rank + and higher can talk.</div>
|c|☆imkgh|>modchat
|c|+Emperor Wailord|heh xd
|c|☆imkgh|fucking poopy
|c|☆OblivionWing729|xD
|l|ayylmaoing
|choice|move substitute|move moonblast
|
|move|p1a: fun bade|Substitute|p1a: fun bade
|-start|p1a: fun bade|Substitute
|-damage|p1a: fun bade|164/354
|move|p2a: Clefable|Moonblast|p1a: fun bade|[miss]
|-miss|p2a: Clefable|p1a: fun bade
|
|-weather|Sandstorm|[upkeep]
|-damage|p2a: Clefable|369/393|[from] sandstorm
|-heal|p2a: Clefable|393/393|[from] item: Leftovers
|upkeep
|turn|9
|j|ayylmaoing
|c|☆imkgh|/log ayylmaoing was promoted to Room Voice by imkgh.
|c|☆OblivionWing729|bright powder ._.
|c|+ayylmaoing|ty
|c|☆imkgh|/log GokuFan420 was promoted to Room Voice by imkgh.
|c|+GokuFan420|uhhhh
|choice|move roost|move moonblast
|
|move|p1a: fun bade|Roost|p1a: fun bade
|-heal|p1a: fun bade|341/354
|move|p2a: Clefable|Moonblast|p1a: fun bade
|-end|p1a: fun bade|Substitute
|
|-weather|Sandstorm|[upkeep]
|-damage|p2a: Clefable|369/393|[from] sandstorm
|-heal|p2a: Clefable|393/393|[from] item: Leftovers
|upkeep
|turn|10
|c|☆OblivionWing729|oh wait
|c|☆imkgh|/log RectangularBrain was promoted to Room Voice by imkgh.
|c|☆OblivionWing729|no sand veil
|j|clickety
|c|☆OblivionWing729|bruh get out
|c|☆imkgh|/log papa johnsons was promoted to Room Voice by imkgh.
|c|+RectangularBrain|bruh
|c|+ayylmaoing|bruh
|c|☆imkgh|/log DedeleleletWhooop was promoted to Room Voice by imkgh.
|c|+RectangularBrain|blow me
|c|+DedeleleletWhooop|thanks
|c|+GokuFan420|v's wife
|c|☆imkgh|User 'gay ladyboner' is unregistered, and so can't be promoted.
|choice|move substitute|move moonblast
|
|move|p1a: fun bade|Substitute|p1a: fun bade
|-start|p1a: fun bade|Substitute
|-damage|p1a: fun bade|253/354
|move|p2a: Clefable|Moonblast|p1a: fun bade|[miss]
|-miss|p2a: Clefable|p1a: fun bade
|
|-weather|Sandstorm|[upkeep]
|-damage|p2a: Clefable|369/393|[from] sandstorm
|-heal|p2a: Clefable|393/393|[from] item: Leftovers
|upkeep
|turn|11
|c|+GokuFan420|!randpoke
|raw|<div class="message"><ul class="utilichart"><li class="result"><span class="col numcol">NU</span> <span class="col iconcol"><psicon pokemon="stunfisk"/></span> <span class="col pokemonnamecol" style="white-space:nowrap"><a href="https://pokemonshowdown.com/dex/pokemon/stunfisk" target="_blank">Stunfisk</a></span> <span class="col typecol"><img src="https://play.pokemonshowdown.com/sprites/types/Ground.png" alt="Ground" height="14" width="32"><img src="https://play.pokemonshowdown.com/sprites/types/Electric.png" alt="Electric" height="14" width="32"></span> <span style="float:left;min-height:26px"><span class="col twoabilitycol">Static<br />Limber</span><span class="col abilitycol"><em>Sand Veil</em></span></span><span style="float:left;min-height:26px"><span class="col statcol"><em>HP</em><br />109</span> <span class="col statcol"><em>Atk</em><br />66</span> <span class="col statcol"><em>Def</em><br />84</span> <span class="col statcol"><em>SpA</em><br />81</span> <span class="col statcol"><em>SpD</em><br />99</span> <span class="col statcol"><em>Spe</em><br />32</span> <span class="col bstcol"><em>BST<br />471</em></span> </span></li><li style="clear:both"></li></ul></div>
|raw|<font size="1"><font color="#686868">Dex#:</font> 618&nbsp;|&ThickSpace;<font color="#686868">Gen:</font> 5&nbsp;|&ThickSpace;<font color="#686868">Height:</font> 0.7 m&nbsp;|&ThickSpace;<font color="#686868">Weight:</font> 11 kg <em>(40 BP)</em>&nbsp;|&ThickSpace;<font color="#686868">Dex Colour:</font> Brown&nbsp;|&ThickSpace;<font color="#686868">Egg Group(s):</font> Water 1, Amorphous&nbsp;|&ThickSpace;<font color="#686868">Does Not Evolve</font></font>
|c|☆imkgh|User 'pot8o pot@o' is unregistered, and so can't be promoted.
|c|☆imkgh|/log clickety was promoted to Room Voice by imkgh.
|c|+Emperor Wailord|lata
|choice|move toxic|move moonblast
|
|move|p1a: fun bade|Toxic|p2a: Clefable
|-status|p2a: Clefable|tox
|move|p2a: Clefable|Moonblast|p1a: fun bade
|-crit|p1a: fun bade
|-end|p1a: fun bade|Substitute
|
|-weather|none
|-damage|p2a: Clefable|369/393 tox|[from] psn
|upkeep
|turn|12
|c|☆OblivionWing729|/log OblivionWing729 made this room hidden.
|c|☆imkgh|>made this room hidden
|c|+ayylmaoing|why
|c|☆imkgh|/log gay ladyboner was promoted to Room Voice by imkgh.
|c|+GokuFan420|what is the meaning of this oblivionwing729
|choice|move substitute|switch 4
|
|switch|p2a: Toxapex|Toxapex, M|304/304
|move|p1a: fun bade|Substitute|p1a: fun bade
|-start|p1a: fun bade|Substitute
|-damage|p1a: fun bade|165/354
|
|upkeep
|turn|13
|c|+Emperor Wailord|case
|c|+Emperor Wailord|DUDE
|c|+Emperor Wailord|STALL
|c|+gay ladyboner|!roll 42069
|html|<div class="infobox">Roll (1 - 42069): 9197</div>
|c|+Emperor Wailord|LMAO
|c|+DedeleleletWhooop|Ok, SPAM TIME
|c|+gay ladyboner|!roll 42069
|html|<div class="infobox">Roll (1 - 42069): 29719</div>
|choice|move sandstorm|move scald
|
|move|p1a: fun bade|Sandstorm|p1a: fun bade
|-weather|Sandstorm
|move|p2a: Toxapex|Scald|p1a: fun bade
|-supereffective|p1a: fun bade
|-crit|p1a: fun bade
|-end|p1a: fun bade|Substitute
|
|-weather|Sandstorm|[upkeep]
|-damage|p2a: Toxapex|285/304|[from] sandstorm
|-heal|p2a: Toxapex|304/304|[from] item: Black Sludge
|upkeep
|turn|14
|c|+gay ladyboner|!roll 42069
|html|<div class="infobox">Roll (1 - 42069): 1191</div>
|c|+DedeleleletWhooop|Ok, SPAM TIME
|c|+DedeleleletWhooop|Ok, SPAM TIME
|choice|move substitute|move scald
|
|move|p1a: fun bade|Substitute|p1a: fun bade
|-start|p1a: fun bade|Substitute
|-damage|p1a: fun bade|77/354
|move|p2a: Toxapex|Scald|p1a: fun bade
|-supereffective|p1a: fun bade
|-end|p1a: fun bade|Substitute
|
|-weather|Sandstorm|[upkeep]
|-damage|p2a: Toxapex|285/304|[from] sandstorm
|-heal|p2a: Toxapex|304/304|[from] item: Black Sludge
|upkeep
|turn|15
|c|+ayylmaoing|!roll 420
|html|<div class="infobox">Roll (1 - 420): 278</div>
|choice|switch 5|move scald
|
|switch|p1a: nigger|Jynx, F|272/272
|move|p2a: Toxapex|Scald|p1a: nigger
|-immune|p1a: nigger|[msg]|[from] ability: Dry Skin
|
|-weather|Sandstorm|[upkeep]
|-damage|p1a: nigger|255/272|[from] sandstorm
|-damage|p2a: Toxapex|285/304|[from] sandstorm
|-heal|p2a: Toxapex|304/304|[from] item: Black Sludge
|upkeep
|turn|16
|c|+DedeleleletWhooop|!help
COMMANDS: /msg, /reply, /logout, /challenge, /search, /rating, /whois
OPTION COMMANDS: /nick, /avatar, /ignore, /away, /back, /timestamps, /highlight
INFORMATIONAL COMMANDS: /data, /dexsearch, /movesearch, /groups, /faq, /rules, /intro, /formatshelp, /othermetas, /learn, /analysis, /calc (replace / with ! to broadcast. Broadcasting requires: + % @ * # & ~)
For an overview of room commands, use /roomhelp
For details of a specific command, use something like: /help data
|c|+clickety|expertly donked
|c|☆imkgh|!help
COMMANDS: /msg, /reply, /logout, /challenge, /search, /rating, /whois
OPTION COMMANDS: /nick, /avatar, /ignore, /away, /back, /timestamps, /highlight
INFORMATIONAL COMMANDS: /data, /dexsearch, /movesearch, /groups, /faq, /rules, /intro, /formatshelp, /othermetas, /learn, /analysis, /calc (replace / with ! to broadcast. Broadcasting requires: + % @ * # & ~)
For an overview of room commands, use /roomhelp
For details of a specific command, use something like: /help data
|choice|move icebeam|move toxic
|
|move|p1a: nigger|Ice Beam|p2a: Toxapex
|-resisted|p2a: Toxapex
|-damage|p2a: Toxapex|233/304
|-status|p2a: Toxapex|frz
|-damage|p1a: nigger|228/272|[from] item: Life Orb
|cant|p2a: Toxapex|frz
|
|-weather|Sandstorm|[upkeep]
|-damage|p1a: nigger|211/272|[from] sandstorm
|-damage|p2a: Toxapex|214/304 frz|[from] sandstorm
|-heal|p2a: Toxapex|233/304 frz|[from] item: Black Sludge
|upkeep
|turn|17
|c|☆imkgh|yes
|c|☆OblivionWing729|wtf.
|choice|move icebeam|move scald
|
|move|p1a: nigger|Ice Beam|p2a: Toxapex
|-resisted|p2a: Toxapex
|-damage|p2a: Toxapex|168/304 frz
|-damage|p1a: nigger|184/272|[from] item: Life Orb
|-curestatus|p2a: Toxapex|frz|[from] move: Scald
|move|p2a: Toxapex|Scald|p1a: nigger
|-heal|p1a: nigger|252/272|[from] ability: Dry Skin|[of] p2a: Toxapex
|
|-weather|none
|-heal|p2a: Toxapex|187/304|[from] item: Black Sludge
|upkeep
|turn|18
|c|☆OblivionWing729|forced
|c|+Emperor Wailord|xd
|c|☆imkgh|merely
|choice|move lovelykiss|move toxic
|
|move|p1a: nigger|Lovely Kiss|p2a: Toxapex
|-status|p2a: Toxapex|slp
|cant|p2a: Toxapex|slp
|
|-heal|p2a: Toxapex|206/304 slp|[from] item: Black Sludge
|upkeep
|turn|19
|choice|move dreameater|switch 2
|
|switch|p2a: Chance the rapper|Chansey, F|703/703
|move|p1a: nigger|Dream Eater|p2a: Chance the rapper
|-immune|p2a: Chance the rapper|[msg]
|
|upkeep
|turn|20
|c|☆OblivionWing729|nice
|c|☆imkgh|LE HEAL BELL XD
|choice|switch 6|move stealthrock
|
|switch|p1a: Monkey Paw|Infernape, F|255/343
|move|p2a: Chance the rapper|Stealth Rock|p1a: Monkey Paw
|-sidestart|p1: imkgh|move: Stealth Rock
|
|upkeep
|turn|21
|c|+GokuFan420|chance the rapper
|j|Textguy
|choice|move taunt|move thunderwave
|
|move|p1a: Monkey Paw|Taunt|p2a: Chance the rapper
|-start|p2a: Chance the rapper|move: Taunt
|cant|p2a: Chance the rapper|move: Taunt|Thunder Wave
|
|upkeep
|turn|22
|c|+ayylmaoing|rocks up gg
|c|+Emperor Wailord|normies //out//
|c|+Emperor Wailord|reeeeeeeeeeee
|choice|move assist|switch 2
|
|switch|p2a: Toxapex|Toxapex, M|304/304 slp
|move|p1a: Monkey Paw|Assist|p1a: Monkey Paw
|move|p1a: Monkey Paw|Toxic|p2a: Toxapex|[from]Assist
|-fail|p2a: Toxapex
|
|upkeep
|turn|23
|c|☆imkgh|/log Textguy was promoted to Room Voice by imkgh.
|c|☆OblivionWing729|nb
|choice|move taunt|move scald
|
|move|p1a: Monkey Paw|Taunt|p2a: Toxapex
|-start|p2a: Toxapex|move: Taunt
|-curestatus|p2a: Toxapex|slp|[msg]
|move|p2a: Toxapex|Scald|p1a: Monkey Paw
|-supereffective|p1a: Monkey Paw
|-damage|p1a: Monkey Paw|97/343
|
|upkeep
|turn|24
|l|pot8o pot@o
|choice|move stealthrock|move scald
|
|move|p1a: Monkey Paw|Stealth Rock|p2a: Toxapex
|-sidestart|p2: OblivionWing729|move: Stealth Rock
|move|p2a: Toxapex|Scald|p1a: Monkey Paw
|-supereffective|p1a: Monkey Paw
|-damage|p1a: Monkey Paw|0 fnt
|faint|p1a: Monkey Paw
|
|upkeep
|j|pot8o pot@o
|c|☆imkgh|rocks up gg ;)
|choice|switch 6|
|
|switch|p1a: nigger|Jynx, F|252/272
|-damage|p1a: nigger|184/272|[from] Stealth Rock
|turn|25
|c|+Emperor Wailord|;)
|j|PatricioPatricio
|choice|move icebeam|move scald
|
|move|p1a: nigger|Ice Beam|p2a: Toxapex
|-resisted|p2a: Toxapex
|-crit|p2a: Toxapex
|-damage|p2a: Toxapex|203/304
|-damage|p1a: nigger|157/272|[from] item: Life Orb
|move|p2a: Toxapex|Scald|p1a: nigger
|-heal|p1a: nigger|225/272|[from] ability: Dry Skin|[of] p2a: Toxapex
|
|-heal|p2a: Toxapex|222/304|[from] item: Black Sludge
|-end|p2a: Toxapex|move: Taunt
|upkeep
|turn|26
|c|+GokuFan420|!roll 420
|html|<div class="infobox">Roll (1 - 420): 31</div>
|c|☆OblivionWing729|shit
|c|☆OblivionWing729|forgot lol
|c|+ayylmaoing|lol
|c|+Textguy|Nice scald
|c|+clickety|lol
|choice|move lovelykiss|move toxic
|
|move|p1a: nigger|Lovely Kiss|p2a: Toxapex|[miss]
|-miss|p1a: nigger|p2a: Toxapex
|move|p2a: Toxapex|Toxic|p1a: nigger
|-status|p1a: nigger|tox
|
|-heal|p2a: Toxapex|241/304|[from] item: Black Sludge
|-damage|p1a: nigger|208/272 tox|[from] psn
|upkeep
|turn|27
|c|☆OblivionWing729|thx
|choice|move lovelykiss|switch 4
|
|switch|p2a: Clefable|Clefable, F|369/393 tox
|-damage|p2a: Clefable|320/393 tox|[from] Stealth Rock
|move|p1a: nigger|Lovely Kiss|p2a: Clefable|[miss]
|-miss|p1a: nigger|p2a: Clefable
|
|-heal|p2a: Clefable|344/393 tox|[from] item: Leftovers
|-damage|p1a: nigger|174/272 tox|[from] psn
|-damage|p2a: Clefable|320/393 tox|[from] psn
|upkeep
|turn|28
|c|☆imkgh|>stallfag
|c|☆imkgh|/log PatricioPatricio was promoted to Room Voice by imkgh.
|c|☆OblivionWing729|hmm
|c|+PatricioPatricio|OblivionWing729 are you, dare I say, stupid?
|c|☆imkgh|he is
|choice|move icebeam|move moonblast
|
|move|p1a: nigger|Ice Beam|p2a: Clefable
|-damage|p2a: Clefable|100/393 tox
|-damage|p1a: nigger|147/272 tox|[from] item: Life Orb
|move|p2a: Clefable|Moonblast|p1a: nigger
|-damage|p1a: nigger|32/272 tox
|
|-heal|p2a: Clefable|124/393 tox|[from] item: Leftovers
|-damage|p1a: nigger|0 fnt|[from] psn
|-damage|p2a: Clefable|76/393 tox|[from] psn
|upkeep
|faint|p1a: nigger
|l|pot8o pot@o
|c|+PatricioPatricio|i knew it!
|j|pot8o pot@o
|choice|switch 3|
|
|switch|p1a: rhypenor|Rhyperior, F|372/372
|-damage|p1a: rhypenor|349/372|[from] Stealth Rock
|turn|29
|choice|move fling|switch 3
|
|switch|p2a: Skarmory|Skarmory, F|333/333
|-damage|p2a: Skarmory|292/333|[from] Stealth Rock
|move|p1a: rhypenor|Fling|p2a: Skarmory
|-enditem|p1a: rhypenor|Choice Specs|[from] move: Fling
|-damage|p2a: Skarmory|285/333
|
|upkeep
|turn|30
|c|☆OblivionWing729|10 bp
|c|☆imkgh|NO SHIT
|c|☆OblivionWing729|-.-
|choice|move rockblast|move roost
|
|move|p1a: rhypenor|Rock Blast|p2a: Skarmory|[miss]
|-miss|p1a: rhypenor|p2a: Skarmory
|move|p2a: Skarmory|Roost|p2a: Skarmory
|-heal|p2a: Skarmory|333/333
|
|upkeep
|turn|31
|j|rarechicken
|c|☆imkgh|HOW DID YOU FIGURE THAT OUT
|choice|move rockblast|move counter
|
|move|p1a: rhypenor|Rock Blast|p2a: Skarmory
|-damage|p2a: Skarmory|303/333
|-damage|p2a: Skarmory|273/333
|-damage|p2a: Skarmory|248/333
|-damage|p2a: Skarmory|218/333
|-hitcount|p2a: Skarmory|4
|move|p2a: Skarmory|Counter|p1a: rhypenor
|-damage|p1a: rhypenor|289/372
|
|upkeep
|turn|32
|c|+GokuFan420|dont throw sunglasses
|c|☆OblivionWing729|WTF?
|c|+GokuFan420|they might break
|c|+PatricioPatricio|Oh shit champ, you are playing an expert!
|l|papa johnsons
|c|☆imkgh|YES I AM
|c|+PatricioPatricio|>doesnt know counter only takes the last hit to reflect damage
|choice|move rockblast|move roost
|
|move|p1a: rhypenor|Rock Blast|p2a: Skarmory
|-damage|p2a: Skarmory|190/333
|-damage|p2a: Skarmory|162/333
|-hitcount|p2a: Skarmory|2
|move|p2a: Skarmory|Roost|p2a: Skarmory
|-heal|p2a: Skarmory|329/333
|
|upkeep
|turn|33
|c|+PatricioPatricio|smh
|l|rarechicken
|choice|move rockblast|move whirlwind
|
|move|p1a: rhypenor|Rock Blast|p2a: Skarmory
|-damage|p2a: Skarmory|304/333
|-damage|p2a: Skarmory|277/333
|-hitcount|p2a: Skarmory|2
|move|p2a: Skarmory|Whirlwind|p1a: rhypenor
|drag|p1a: Talonwave|Swanna, M, shiny|291/291
|-damage|p1a: Talonwave|219/291|[from] Stealth Rock
|
|upkeep
|turn|34
|c|+PatricioPatricio|OblivionWing729 are you, dare I say, ery very dumb?
|choice|move mefirst|move roost
|
|move|p1a: Talonwave|Me First|p2a: Skarmory
|-fail|p2a: Skarmory
|move|p2a: Skarmory|Roost|p2a: Skarmory
|-heal|p2a: Skarmory|333/333
|
|upkeep
|turn|35
|choice|move mefirst|move whirlwind
|
|move|p1a: Talonwave|Me First|p2a: Skarmory
|-fail|p2a: Skarmory
|move|p2a: Skarmory|Whirlwind|p1a: Talonwave
|drag|p1a: hoge|Swinub, L1, M|12/12
|-damage|p1a: hoge|11/12|[from] Stealth Rock
|
|upkeep
|turn|36
|choice|move hail|move whirlwind
|
|move|p1a: hoge|Hail|p1a: hoge
|-weather|Hail
|move|p2a: Skarmory|Whirlwind|p1a: hoge
|drag|p1a: fun bade|Gliscor, F|77/354
|-damage|p1a: fun bade|33/354|[from] Stealth Rock
|
|-weather|Hail|[upkeep]
|-damage|p1a: fun bade|11/354|[from] hail
|-damage|p2a: Skarmory|313/333|[from] hail
|upkeep
|turn|37
|choice|move roost|move whirlwind
|
|move|p1a: fun bade|Roost|p1a: fun bade
|-heal|p1a: fun bade|188/354
|move|p2a: Skarmory|Whirlwind|p1a: fun bade
|drag|p1a: hoge|Swinub, L1, M|11/12
|-damage|p1a: hoge|10/12|[from] Stealth Rock
|
|-weather|Hail|[upkeep]
|-damage|p2a: Skarmory|293/333|[from] hail
|upkeep
|turn|38
|c|+PatricioPatricio|HOGE
|c|+PatricioPatricio|HOGE
|c|+PatricioPatricio|HOGE
|c|+PatricioPatricio|HOGE
|c|+Textguy|do it
|c|+PatricioPatricio|HOGE
|choice|move endeavor|move whirlwind
|
|move|p1a: hoge|Endeavor|p2a: Skarmory
|-damage|p2a: Skarmory|10/333
|move|p2a: Skarmory|Whirlwind|p1a: hoge
|drag|p1a: rhypenor|Rhyperior, F|289/372
|-damage|p1a: rhypenor|266/372|[from] Stealth Rock
|
|-weather|Hail|[upkeep]
|-damage|p1a: rhypenor|243/372|[from] hail
|-damage|p2a: Skarmory|0 fnt|[from] hail
|upkeep
|faint|p2a: Skarmory
|c|☆OblivionWing729|gf
|c|+Emperor Wailord|hoge needs an update with odor sleauth honestly
|c|☆imkgh|NOT 6-0
|c|+GokuFan420|HOGE
|c|+GokuFan420|HOGE
|c|+GokuFan420|HOGE
|c|+GokuFan420|HOGE
|c|+GokuFan420|HOGE
|c|+GokuFan420|HOGE
|c|+GokuFan420|HOGE
|c|+PatricioPatricio|OblivionWing729 YOU JUST LOST A MON TO A MERE HOGE
|c|+GokuFan420|HOGE
|c|+GokuFan420|HOGE
|c|+GokuFan420|HOGE
|c|☆imkgh|LMAO
|c|☆imkgh|HOGE
|c|☆imkgh|DESTROYER
|c|☆imkgh|!HELP
COMMANDS: /msg, /reply, /logout, /challenge, /search, /rating, /whois
OPTION COMMANDS: /nick, /avatar, /ignore, /away, /back, /timestamps, /highlight
INFORMATIONAL COMMANDS: /data, /dexsearch, /movesearch, /groups, /faq, /rules, /intro, /formatshelp, /othermetas, /learn, /analysis, /calc (replace / with ! to broadcast. Broadcasting requires: + % @ * # & ~)
For an overview of room commands, use /roomhelp
For details of a specific command, use something like: /help data
|c|☆imkgh|!HELP
COMMANDS: /msg, /reply, /logout, /challenge, /search, /rating, /whois
OPTION COMMANDS: /nick, /avatar, /ignore, /away, /back, /timestamps, /highlight
INFORMATIONAL COMMANDS: /data, /dexsearch, /movesearch, /groups, /faq, /rules, /intro, /formatshelp, /othermetas, /learn, /analysis, /calc (replace / with ! to broadcast. Broadcasting requires: + % @ * # & ~)
For an overview of room commands, use /roomhelp
For details of a specific command, use something like: /help data
|c|☆imkgh|!HELP
COMMANDS: /msg, /reply, /logout, /challenge, /search, /rating, /whois
OPTION COMMANDS: /nick, /avatar, /ignore, /away, /back, /timestamps, /highlight
INFORMATIONAL COMMANDS: /data, /dexsearch, /movesearch, /groups, /faq, /rules, /intro, /formatshelp, /othermetas, /learn, /analysis, /calc (replace / with ! to broadcast. Broadcasting requires: + % @ * # & ~)
For an overview of room commands, use /roomhelp
For details of a specific command, use something like: /help data
|c|☆imkgh|!HELP
COMMANDS: /msg, /reply, /logout, /challenge, /search, /rating, /whois
OPTION COMMANDS: /nick, /avatar, /ignore, /away, /back, /timestamps, /highlight
INFORMATIONAL COMMANDS: /data, /dexsearch, /movesearch, /groups, /faq, /rules, /intro, /formatshelp, /othermetas, /learn, /analysis, /calc (replace / with ! to broadcast. Broadcasting requires: + % @ * # & ~)
For an overview of room commands, use /roomhelp
For details of a specific command, use something like: /help data
|c|☆imkgh|!HELP
COMMANDS: /msg, /reply, /logout, /challenge, /search, /rating, /whois
OPTION COMMANDS: /nick, /avatar, /ignore, /away, /back, /timestamps, /highlight
INFORMATIONAL COMMANDS: /data, /dexsearch, /movesearch, /groups, /faq, /rules, /intro, /formatshelp, /othermetas, /learn, /analysis, /calc (replace / with ! to broadcast. Broadcasting requires: + % @ * # & ~)
For an overview of room commands, use /roomhelp
For details of a specific command, use something like: /help data
|c|☆imkgh|!HELP
COMMANDS: /msg, /reply, /logout, /challenge, /search, /rating, /whois
OPTION COMMANDS: /nick, /avatar, /ignore, /away, /back, /timestamps, /highlight
INFORMATIONAL COMMANDS: /data, /dexsearch, /movesearch, /groups, /faq, /rules, /intro, /formatshelp, /othermetas, /learn, /analysis, /calc (replace / with ! to broadcast. Broadcasting requires: + % @ * # & ~)
For an overview of room commands, use /roomhelp
For details of a specific command, use something like: /help data
|c|☆imkgh|!HELP
COMMANDS: /msg, /reply, /logout, /challenge, /search, /rating, /whois
OPTION COMMANDS: /nick, /avatar, /ignore, /away, /back, /timestamps, /highlight
INFORMATIONAL COMMANDS: /data, /dexsearch, /movesearch, /groups, /faq, /rules, /intro, /formatshelp, /othermetas, /learn, /analysis, /calc (replace / with ! to broadcast. Broadcasting requires: + % @ * # & ~)
For an overview of room commands, use /roomhelp
For details of a specific command, use something like: /help data
|c|☆imkgh|!HELP
COMMANDS: /msg, /reply, /logout, /challenge, /search, /rating, /whois
OPTION COMMANDS: /nick, /avatar, /ignore, /away, /back, /timestamps, /highlight
INFORMATIONAL COMMANDS: /data, /dexsearch, /movesearch, /groups, /faq, /rules, /intro, /formatshelp, /othermetas, /learn, /analysis, /calc (replace / with ! to broadcast. Broadcasting requires: + % @ * # & ~)
For an overview of room commands, use /roomhelp
For details of a specific command, use something like: /help data
|c|+DedeleleletWhooop|!help
COMMANDS: /msg, /reply, /logout, /challenge, /search, /rating, /whois
OPTION COMMANDS: /nick, /avatar, /ignore, /away, /back, /timestamps, /highlight
INFORMATIONAL COMMANDS: /data, /dexsearch, /movesearch, /groups, /faq, /rules, /intro, /formatshelp, /othermetas, /learn, /analysis, /calc (replace / with ! to broadcast. Broadcasting requires: + % @ * # & ~)
For an overview of room commands, use /roomhelp
For details of a specific command, use something like: /help data
|c|+Emperor Wailord|!HELP
COMMANDS: /msg, /reply, /logout, /challenge, /search, /rating, /whois
OPTION COMMANDS: /nick, /avatar, /ignore, /away, /back, /timestamps, /highlight
INFORMATIONAL COMMANDS: /data, /dexsearch, /movesearch, /groups, /faq, /rules, /intro, /formatshelp, /othermetas, /learn, /analysis, /calc (replace / with ! to broadcast. Broadcasting requires: + % @ * # & ~)
For an overview of room commands, use /roomhelp
For details of a specific command, use something like: /help data
|c|☆imkgh|!HELP
COMMANDS: /msg, /reply, /logout, /challenge, /search, /rating, /whois
OPTION COMMANDS: /nick, /avatar, /ignore, /away, /back, /timestamps, /highlight
INFORMATIONAL COMMANDS: /data, /dexsearch, /movesearch, /groups, /faq, /rules, /intro, /formatshelp, /othermetas, /learn, /analysis, /calc (replace / with ! to broadcast. Broadcasting requires: + % @ * # & ~)
For an overview of room commands, use /roomhelp
For details of a specific command, use something like: /help data
|c|☆imkgh|!HELP
COMMANDS: /msg, /reply, /logout, /challenge, /search, /rating, /whois
OPTION COMMANDS: /nick, /avatar, /ignore, /away, /back, /timestamps, /highlight
INFORMATIONAL COMMANDS: /data, /dexsearch, /movesearch, /groups, /faq, /rules, /intro, /formatshelp, /othermetas, /learn, /analysis, /calc (replace / with ! to broadcast. Broadcasting requires: + % @ * # & ~)
For an overview of room commands, use /roomhelp
For details of a specific command, use something like: /help data
|c|+DedeleleletWhooop|!help
COMMANDS: /msg, /reply, /logout, /challenge, /search, /rating, /whois
OPTION COMMANDS: /nick, /avatar, /ignore, /away, /back, /timestamps, /highlight
INFORMATIONAL COMMANDS: /data, /dexsearch, /movesearch, /groups, /faq, /rules, /intro, /formatshelp, /othermetas, /learn, /analysis, /calc (replace / with ! to broadcast. Broadcasting requires: + % @ * # & ~)
For an overview of room commands, use /roomhelp
For details of a specific command, use something like: /help data
|c|☆imkgh|!HELP
COMMANDS: /msg, /reply, /logout, /challenge, /search, /rating, /whois
OPTION COMMANDS: /nick, /avatar, /ignore, /away, /back, /timestamps, /highlight
INFORMATIONAL COMMANDS: /data, /dexsearch, /movesearch, /groups, /faq, /rules, /intro, /formatshelp, /othermetas, /learn, /analysis, /calc (replace / with ! to broadcast. Broadcasting requires: + % @ * # & ~)
For an overview of room commands, use /roomhelp
For details of a specific command, use something like: /help data
|c|☆imkgh|!HELP
COMMANDS: /msg, /reply, /logout, /challenge, /search, /rating, /whois
OPTION COMMANDS: /nick, /avatar, /ignore, /away, /back, /timestamps, /highlight
INFORMATIONAL COMMANDS: /data, /dexsearch, /movesearch, /groups, /faq, /rules, /intro, /formatshelp, /othermetas, /learn, /analysis, /calc (replace / with ! to broadcast. Broadcasting requires: + % @ * # & ~)
For an overview of room commands, use /roomhelp
For details of a specific command, use something like: /help data
|c|+Emperor Wailord|!HELP
COMMANDS: /msg, /reply, /logout, /challenge, /search, /rating, /whois
OPTION COMMANDS: /nick, /avatar, /ignore, /away, /back, /timestamps, /highlight
INFORMATIONAL COMMANDS: /data, /dexsearch, /movesearch, /groups, /faq, /rules, /intro, /formatshelp, /othermetas, /learn, /analysis, /calc (replace / with ! to broadcast. Broadcasting requires: + % @ * # & ~)
For an overview of room commands, use /roomhelp
For details of a specific command, use something like: /help data
|c|☆imkgh|!HELP
COMMANDS: /msg, /reply, /logout, /challenge, /search, /rating, /whois
OPTION COMMANDS: /nick, /avatar, /ignore, /away, /back, /timestamps, /highlight
INFORMATIONAL COMMANDS: /data, /dexsearch, /movesearch, /groups, /faq, /rules, /intro, /formatshelp, /othermetas, /learn, /analysis, /calc (replace / with ! to broadcast. Broadcasting requires: + % @ * # & ~)
For an overview of room commands, use /roomhelp
For details of a specific command, use something like: /help data
|c|+DedeleleletWhooop|!help
COMMANDS: /msg, /reply, /logout, /challenge, /search, /rating, /whois
OPTION COMMANDS: /nick, /avatar, /ignore, /away, /back, /timestamps, /highlight
INFORMATIONAL COMMANDS: /data, /dexsearch, /movesearch, /groups, /faq, /rules, /intro, /formatshelp, /othermetas, /learn, /analysis, /calc (replace / with ! to broadcast. Broadcasting requires: + % @ * # & ~)
For an overview of room commands, use /roomhelp
For details of a specific command, use something like: /help data
|c|☆imkgh|!HELP
COMMANDS: /msg, /reply, /logout, /challenge, /search, /rating, /whois
OPTION COMMANDS: /nick, /avatar, /ignore, /away, /back, /timestamps, /highlight
INFORMATIONAL COMMANDS: /data, /dexsearch, /movesearch, /groups, /faq, /rules, /intro, /formatshelp, /othermetas, /learn, /analysis, /calc (replace / with ! to broadcast. Broadcasting requires: + % @ * # & ~)
For an overview of room commands, use /roomhelp
For details of a specific command, use something like: /help data
|c|+Emperor Wailord|!HELP
COMMANDS: /msg, /reply, /logout, /challenge, /search, /rating, /whois
OPTION COMMANDS: /nick, /avatar, /ignore, /away, /back, /timestamps, /highlight
INFORMATIONAL COMMANDS: /data, /dexsearch, /movesearch, /groups, /faq, /rules, /intro, /formatshelp, /othermetas, /learn, /analysis, /calc (replace / with ! to broadcast. Broadcasting requires: + % @ * # & ~)
For an overview of room commands, use /roomhelp
For details of a specific command, use something like: /help data
|c|☆imkgh|!HELP
COMMANDS: /msg, /reply, /logout, /challenge, /search, /rating, /whois
OPTION COMMANDS: /nick, /avatar, /ignore, /away, /back, /timestamps, /highlight
INFORMATIONAL COMMANDS: /data, /dexsearch, /movesearch, /groups, /faq, /rules, /intro, /formatshelp, /othermetas, /learn, /analysis, /calc (replace / with ! to broadcast. Broadcasting requires: + % @ * # & ~)
For an overview of room commands, use /roomhelp
For details of a specific command, use something like: /help data
|c|+DedeleleletWhooop|!help
COMMANDS: /msg, /reply, /logout, /challenge, /search, /rating, /whois
OPTION COMMANDS: /nick, /avatar, /ignore, /away, /back, /timestamps, /highlight
INFORMATIONAL COMMANDS: /data, /dexsearch, /movesearch, /groups, /faq, /rules, /intro, /formatshelp, /othermetas, /learn, /analysis, /calc (replace / with ! to broadcast. Broadcasting requires: + % @ * # & ~)
For an overview of room commands, use /roomhelp
For details of a specific command, use something like: /help data
|c|☆imkgh|!HELP
COMMANDS: /msg, /reply, /logout, /challenge, /search, /rating, /whois
OPTION COMMANDS: /nick, /avatar, /ignore, /away, /back, /timestamps, /highlight
INFORMATIONAL COMMANDS: /data, /dexsearch, /movesearch, /groups, /faq, /rules, /intro, /formatshelp, /othermetas, /learn, /analysis, /calc (replace / with ! to broadcast. Broadcasting requires: + % @ * # & ~)
For an overview of room commands, use /roomhelp
For details of a specific command, use something like: /help data
|c|+Emperor Wailord|!HELP
COMMANDS: /msg, /reply, /logout, /challenge, /search, /rating, /whois
OPTION COMMANDS: /nick, /avatar, /ignore, /away, /back, /timestamps, /highlight
INFORMATIONAL COMMANDS: /data, /dexsearch, /movesearch, /groups, /faq, /rules, /intro, /formatshelp, /othermetas, /learn, /analysis, /calc (replace / with ! to broadcast. Broadcasting requires: + % @ * # & ~)
For an overview of room commands, use /roomhelp
For details of a specific command, use something like: /help data
|c|+DedeleleletWhooop|!help
COMMANDS: /msg, /reply, /logout, /challenge, /search, /rating, /whois
OPTION COMMANDS: /nick, /avatar, /ignore, /away, /back, /timestamps, /highlight
INFORMATIONAL COMMANDS: /data, /dexsearch, /movesearch, /groups, /faq, /rules, /intro, /formatshelp, /othermetas, /learn, /analysis, /calc (replace / with ! to broadcast. Broadcasting requires: + % @ * # & ~)
For an overview of room commands, use /roomhelp
For details of a specific command, use something like: /help data
|c|☆imkgh|!HELP
COMMANDS: /msg, /reply, /logout, /challenge, /search, /rating, /whois
OPTION COMMANDS: /nick, /avatar, /ignore, /away, /back, /timestamps, /highlight
INFORMATIONAL COMMANDS: /data, /dexsearch, /movesearch, /groups, /faq, /rules, /intro, /formatshelp, /othermetas, /learn, /analysis, /calc (replace / with ! to broadcast. Broadcasting requires: + % @ * # & ~)
For an overview of room commands, use /roomhelp
For details of a specific command, use something like: /help data
|c|☆imkgh|!HELP
COMMANDS: /msg, /reply, /logout, /challenge, /search, /rating, /whois
OPTION COMMANDS: /nick, /avatar, /ignore, /away, /back, /timestamps, /highlight
INFORMATIONAL COMMANDS: /data, /dexsearch, /movesearch, /groups, /faq, /rules, /intro, /formatshelp, /othermetas, /learn, /analysis, /calc (replace / with ! to broadcast. Broadcasting requires: + % @ * # & ~)
For an overview of room commands, use /roomhelp
For details of a specific command, use something like: /help data
|c|+DedeleleletWhooop|!help
COMMANDS: /msg, /reply, /logout, /challenge, /search, /rating, /whois
OPTION COMMANDS: /nick, /avatar, /ignore, /away, /back, /timestamps, /highlight
INFORMATIONAL COMMANDS: /data, /dexsearch, /movesearch, /groups, /faq, /rules, /intro, /formatshelp, /othermetas, /learn, /analysis, /calc (replace / with ! to broadcast. Broadcasting requires: + % @ * # & ~)
For an overview of room commands, use /roomhelp
For details of a specific command, use something like: /help data
|c|☆imkgh|!HELP
COMMANDS: /msg, /reply, /logout, /challenge, /search, /rating, /whois
OPTION COMMANDS: /nick, /avatar, /ignore, /away, /back, /timestamps, /highlight
INFORMATIONAL COMMANDS: /data, /dexsearch, /movesearch, /groups, /faq, /rules, /intro, /formatshelp, /othermetas, /learn, /analysis, /calc (replace / with ! to broadcast. Broadcasting requires: + % @ * # & ~)
For an overview of room commands, use /roomhelp
For details of a specific command, use something like: /help data
|c|+Emperor Wailord|!HELP
COMMANDS: /msg, /reply, /logout, /challenge, /search, /rating, /whois
OPTION COMMANDS: /nick, /avatar, /ignore, /away, /back, /timestamps, /highlight
INFORMATIONAL COMMANDS: /data, /dexsearch, /movesearch, /groups, /faq, /rules, /intro, /formatshelp, /othermetas, /learn, /analysis, /calc (replace / with ! to broadcast. Broadcasting requires: + % @ * # & ~)
For an overview of room commands, use /roomhelp
For details of a specific command, use something like: /help data
|c|+DedeleleletWhooop|!help
COMMANDS: /msg, /reply, /logout, /challenge, /search, /rating, /whois
OPTION COMMANDS: /nick, /avatar, /ignore, /away, /back, /timestamps, /highlight
INFORMATIONAL COMMANDS: /data, /dexsearch, /movesearch, /groups, /faq, /rules, /intro, /formatshelp, /othermetas, /learn, /analysis, /calc (replace / with ! to broadcast. Broadcasting requires: + % @ * # & ~)
For an overview of room commands, use /roomhelp
For details of a specific command, use something like: /help data
|c|☆imkgh|!HELP
COMMANDS: /msg, /reply, /logout, /challenge, /search, /rating, /whois
OPTION COMMANDS: /nick, /avatar, /ignore, /away, /back, /timestamps, /highlight
INFORMATIONAL COMMANDS: /data, /dexsearch, /movesearch, /groups, /faq, /rules, /intro, /formatshelp, /othermetas, /learn, /analysis, /calc (replace / with ! to broadcast. Broadcasting requires: + % @ * # & ~)
For an overview of room commands, use /roomhelp
For details of a specific command, use something like: /help data
|c|☆OblivionWing729|<<help>
|c|☆imkgh|!HELP
COMMANDS: /msg, /reply, /logout, /challenge, /search, /rating, /whois
OPTION COMMANDS: /nick, /avatar, /ignore, /away, /back, /timestamps, /highlight
INFORMATIONAL COMMANDS: /data, /dexsearch, /movesearch, /groups, /faq, /rules, /intro, /formatshelp, /othermetas, /learn, /analysis, /calc (replace / with ! to broadcast. Broadcasting requires: + % @ * # & ~)
For an overview of room commands, use /roomhelp
For details of a specific command, use something like: /help data
|c|+DedeleleletWhooop|!help
COMMANDS: /msg, /reply, /logout, /challenge, /search, /rating, /whois
OPTION COMMANDS: /nick, /avatar, /ignore, /away, /back, /timestamps, /highlight
INFORMATIONAL COMMANDS: /data, /dexsearch, /movesearch, /groups, /faq, /rules, /intro, /formatshelp, /othermetas, /learn, /analysis, /calc (replace / with ! to broadcast. Broadcasting requires: + % @ * # & ~)
For an overview of room commands, use /roomhelp
For details of a specific command, use something like: /help data
|c|☆imkgh|!HELP
COMMANDS: /msg, /reply, /logout, /challenge, /search, /rating, /whois
OPTION COMMANDS: /nick, /avatar, /ignore, /away, /back, /timestamps, /highlight
INFORMATIONAL COMMANDS: /data, /dexsearch, /movesearch, /groups, /faq, /rules, /intro, /formatshelp, /othermetas, /learn, /analysis, /calc (replace / with ! to broadcast. Broadcasting requires: + % @ * # & ~)
For an overview of room commands, use /roomhelp
For details of a specific command, use something like: /help data
|c|+Emperor Wailord|!HELP
COMMANDS: /msg, /reply, /logout, /challenge, /search, /rating, /whois
OPTION COMMANDS: /nick, /avatar, /ignore, /away, /back, /timestamps, /highlight
INFORMATIONAL COMMANDS: /data, /dexsearch, /movesearch, /groups, /faq, /rules, /intro, /formatshelp, /othermetas, /learn, /analysis, /calc (replace / with ! to broadcast. Broadcasting requires: + % @ * # & ~)
For an overview of room commands, use /roomhelp
For details of a specific command, use something like: /help data
|c|☆imkgh|!HELP
COMMANDS: /msg, /reply, /logout, /challenge, /search, /rating, /whois
OPTION COMMANDS: /nick, /avatar, /ignore, /away, /back, /timestamps, /highlight
INFORMATIONAL COMMANDS: /data, /dexsearch, /movesearch, /groups, /faq, /rules, /intro, /formatshelp, /othermetas, /learn, /analysis, /calc (replace / with ! to broadcast. Broadcasting requires: + % @ * # & ~)
For an overview of room commands, use /roomhelp
For details of a specific command, use something like: /help data
|c|+GokuFan420|!help
COMMANDS: /msg, /reply, /logout, /challenge, /search, /rating, /whois
OPTION COMMANDS: /nick, /avatar, /ignore, /away, /back, /timestamps, /highlight
INFORMATIONAL COMMANDS: /data, /dexsearch, /movesearch, /groups, /faq, /rules, /intro, /formatshelp, /othermetas, /learn, /analysis, /calc (replace / with ! to broadcast. Broadcasting requires: + % @ * # & ~)
For an overview of room commands, use /roomhelp
For details of a specific command, use something like: /help data
|c|+DedeleleletWhooop|!help
COMMANDS: /msg, /reply, /logout, /challenge, /search, /rating, /whois
OPTION COMMANDS: /nick, /avatar, /ignore, /away, /back, /timestamps, /highlight
INFORMATIONAL COMMANDS: /data, /dexsearch, /movesearch, /groups, /faq, /rules, /intro, /formatshelp, /othermetas, /learn, /analysis, /calc (replace / with ! to broadcast. Broadcasting requires: + % @ * # & ~)
For an overview of room commands, use /roomhelp
For details of a specific command, use something like: /help data
|c|☆imkgh|!HELP
COMMANDS: /msg, /reply, /logout, /challenge, /search, /rating, /whois
OPTION COMMANDS: /nick, /avatar, /ignore, /away, /back, /timestamps, /highlight
INFORMATIONAL COMMANDS: /data, /dexsearch, /movesearch, /groups, /faq, /rules, /intro, /formatshelp, /othermetas, /learn, /analysis, /calc (replace / with ! to broadcast. Broadcasting requires: + % @ * # & ~)
For an overview of room commands, use /roomhelp
For details of a specific command, use something like: /help data
|c|+DedeleleletWhooop|!help
COMMANDS: /msg, /reply, /logout, /challenge, /search, /rating, /whois
OPTION COMMANDS: /nick, /avatar, /ignore, /away, /back, /timestamps, /highlight
INFORMATIONAL COMMANDS: /data, /dexsearch, /movesearch, /groups, /faq, /rules, /intro, /formatshelp, /othermetas, /learn, /analysis, /calc (replace / with ! to broadcast. Broadcasting requires: + % @ * # & ~)
For an overview of room commands, use /roomhelp
For details of a specific command, use something like: /help data
|c|+Emperor Wailord|!HELP
COMMANDS: /msg, /reply, /logout, /challenge, /search, /rating, /whois
OPTION COMMANDS: /nick, /avatar, /ignore, /away, /back, /timestamps, /highlight
INFORMATIONAL COMMANDS: /data, /dexsearch, /movesearch, /groups, /faq, /rules, /intro, /formatshelp, /othermetas, /learn, /analysis, /calc (replace / with ! to broadcast. Broadcasting requires: + % @ * # & ~)
For an overview of room commands, use /roomhelp
For details of a specific command, use something like: /help data
|c|☆imkgh|!HELP
COMMANDS: /msg, /reply, /logout, /challenge, /search, /rating, /whois
OPTION COMMANDS: /nick, /avatar, /ignore, /away, /back, /timestamps, /highlight
INFORMATIONAL COMMANDS: /data, /dexsearch, /movesearch, /groups, /faq, /rules, /intro, /formatshelp, /othermetas, /learn, /analysis, /calc (replace / with ! to broadcast. Broadcasting requires: + % @ * # & ~)
For an overview of room commands, use /roomhelp
For details of a specific command, use something like: /help data
|c|+DedeleleletWhooop|!help
COMMANDS: /msg, /reply, /logout, /challenge, /search, /rating, /whois
OPTION COMMANDS: /nick, /avatar, /ignore, /away, /back, /timestamps, /highlight
INFORMATIONAL COMMANDS: /data, /dexsearch, /movesearch, /groups, /faq, /rules, /intro, /formatshelp, /othermetas, /learn, /analysis, /calc (replace / with ! to broadcast. Broadcasting requires: + % @ * # & ~)
For an overview of room commands, use /roomhelp
For details of a specific command, use something like: /help data
|c|☆imkgh|!HELP
COMMANDS: /msg, /reply, /logout, /challenge, /search, /rating, /whois
OPTION COMMANDS: /nick, /avatar, /ignore, /away, /back, /timestamps, /highlight
INFORMATIONAL COMMANDS: /data, /dexsearch, /movesearch, /groups, /faq, /rules, /intro, /formatshelp, /othermetas, /learn, /analysis, /calc (replace / with ! to broadcast. Broadcasting requires: + % @ * # & ~)
For an overview of room commands, use /roomhelp
For details of a specific command, use something like: /help data
|c|+GokuFan420|!help
COMMANDS: /msg, /reply, /logout, /challenge, /search, /rating, /whois
OPTION COMMANDS: /nick, /avatar, /ignore, /away, /back, /timestamps, /highlight
INFORMATIONAL COMMANDS: /data, /dexsearch, /movesearch, /groups, /faq, /rules, /intro, /formatshelp, /othermetas, /learn, /analysis, /calc (replace / with ! to broadcast. Broadcasting requires: + % @ * # & ~)
For an overview of room commands, use /roomhelp
For details of a specific command, use something like: /help data
|c|+DedeleleletWhooop|!help
COMMANDS: /msg, /reply, /logout, /challenge, /search, /rating, /whois
OPTION COMMANDS: /nick, /avatar, /ignore, /away, /back, /timestamps, /highlight
INFORMATIONAL COMMANDS: /data, /dexsearch, /movesearch, /groups, /faq, /rules, /intro, /formatshelp, /othermetas, /learn, /analysis, /calc (replace / with ! to broadcast. Broadcasting requires: + % @ * # & ~)
For an overview of room commands, use /roomhelp
For details of a specific command, use something like: /help data
|c|☆imkgh|!HELP
COMMANDS: /msg, /reply, /logout, /challenge, /search, /rating, /whois
OPTION COMMANDS: /nick, /avatar, /ignore, /away, /back, /timestamps, /highlight
INFORMATIONAL COMMANDS: /data, /dexsearch, /movesearch, /groups, /faq, /rules, /intro, /formatshelp, /othermetas, /learn, /analysis, /calc (replace / with ! to broadcast. Broadcasting requires: + % @ * # & ~)
For an overview of room commands, use /roomhelp
For details of a specific command, use something like: /help data
|c|+GokuFan420|!help
COMMANDS: /msg, /reply, /logout, /challenge, /search, /rating, /whois
OPTION COMMANDS: /nick, /avatar, /ignore, /away, /back, /timestamps, /highlight
INFORMATIONAL COMMANDS: /data, /dexsearch, /movesearch, /groups, /faq, /rules, /intro, /formatshelp, /othermetas, /learn, /analysis, /calc (replace / with ! to broadcast. Broadcasting requires: + % @ * # & ~)
For an overview of room commands, use /roomhelp
For details of a specific command, use something like: /help data
|c|+DedeleleletWhooop|!help
COMMANDS: /msg, /reply, /logout, /challenge, /search, /rating, /whois
OPTION COMMANDS: /nick, /avatar, /ignore, /away, /back, /timestamps, /highlight
INFORMATIONAL COMMANDS: /data, /dexsearch, /movesearch, /groups, /faq, /rules, /intro, /formatshelp, /othermetas, /learn, /analysis, /calc (replace / with ! to broadcast. Broadcasting requires: + % @ * # & ~)
For an overview of room commands, use /roomhelp
For details of a specific command, use something like: /help data
|c|☆imkgh|!HELP
COMMANDS: /msg, /reply, /logout, /challenge, /search, /rating, /whois
OPTION COMMANDS: /nick, /avatar, /ignore, /away, /back, /timestamps, /highlight
INFORMATIONAL COMMANDS: /data, /dexsearch, /movesearch, /groups, /faq, /rules, /intro, /formatshelp, /othermetas, /learn, /analysis, /calc (replace / with ! to broadcast. Broadcasting requires: + % @ * # & ~)
For an overview of room commands, use /roomhelp
For details of a specific command, use something like: /help data
|c|+GokuFan420|!help
COMMANDS: /msg, /reply, /logout, /challenge, /search, /rating, /whois
OPTION COMMANDS: /nick, /avatar, /ignore, /away, /back, /timestamps, /highlight
INFORMATIONAL COMMANDS: /data, /dexsearch, /movesearch, /groups, /faq, /rules, /intro, /formatshelp, /othermetas, /learn, /analysis, /calc (replace / with ! to broadcast. Broadcasting requires: + % @ * # & ~)
For an overview of room commands, use /roomhelp
For details of a specific command, use something like: /help data
|c|☆imkgh|!HELP
COMMANDS: /msg, /reply, /logout, /challenge, /search, /rating, /whois
OPTION COMMANDS: /nick, /avatar, /ignore, /away, /back, /timestamps, /highlight
INFORMATIONAL COMMANDS: /data, /dexsearch, /movesearch, /groups, /faq, /rules, /intro, /formatshelp, /othermetas, /learn, /analysis, /calc (replace / with ! to broadcast. Broadcasting requires: + % @ * # & ~)
For an overview of room commands, use /roomhelp
For details of a specific command, use something like: /help data
|c|+GokuFan420|!help
COMMANDS: /msg, /reply, /logout, /challenge, /search, /rating, /whois
OPTION COMMANDS: /nick, /avatar, /ignore, /away, /back, /timestamps, /highlight
INFORMATIONAL COMMANDS: /data, /dexsearch, /movesearch, /groups, /faq, /rules, /intro, /formatshelp, /othermetas, /learn, /analysis, /calc (replace / with ! to broadcast. Broadcasting requires: + % @ * # & ~)
For an overview of room commands, use /roomhelp
For details of a specific command, use something like: /help data
|c|+DedeleleletWhooop|!help
COMMANDS: /msg, /reply, /logout, /challenge, /search, /rating, /whois
OPTION COMMANDS: /nick, /avatar, /ignore, /away, /back, /timestamps, /highlight
INFORMATIONAL COMMANDS: /data, /dexsearch, /movesearch, /groups, /faq, /rules, /intro, /formatshelp, /othermetas, /learn, /analysis, /calc (replace / with ! to broadcast. Broadcasting requires: + % @ * # & ~)
For an overview of room commands, use /roomhelp
For details of a specific command, use something like: /help data
|c|+Emperor Wailord|!HELP
COMMANDS: /msg, /reply, /logout, /challenge, /search, /rating, /whois
OPTION COMMANDS: /nick, /avatar, /ignore, /away, /back, /timestamps, /highlight
INFORMATIONAL COMMANDS: /data, /dexsearch, /movesearch, /groups, /faq, /rules, /intro, /formatshelp, /othermetas, /learn, /analysis, /calc (replace / with ! to broadcast. Broadcasting requires: + % @ * # & ~)
For an overview of room commands, use /roomhelp
For details of a specific command, use something like: /help data
|c|☆imkgh|!HELP
COMMANDS: /msg, /reply, /logout, /challenge, /search, /rating, /whois
OPTION COMMANDS: /nick, /avatar, /ignore, /away, /back, /timestamps, /highlight
INFORMATIONAL COMMANDS: /data, /dexsearch, /movesearch, /groups, /faq, /rules, /intro, /formatshelp, /othermetas, /learn, /analysis, /calc (replace / with ! to broadcast. Broadcasting requires: + % @ * # & ~)
For an overview of room commands, use /roomhelp
For details of a specific command, use something like: /help data
|c|+GokuFan420|!help
COMMANDS: /msg, /reply, /logout, /challenge, /search, /rating, /whois
OPTION COMMANDS: /nick, /avatar, /ignore, /away, /back, /timestamps, /highlight
INFORMATIONAL COMMANDS: /data, /dexsearch, /movesearch, /groups, /faq, /rules, /intro, /formatshelp, /othermetas, /learn, /analysis, /calc (replace / with ! to broadcast. Broadcasting requires: + % @ * # & ~)
For an overview of room commands, use /roomhelp
For details of a specific command, use something like: /help data
|c|☆imkgh|!HELP
COMMANDS: /msg, /reply, /logout, /challenge, /search, /rating, /whois
OPTION COMMANDS: /nick, /avatar, /ignore, /away, /back, /timestamps, /highlight
INFORMATIONAL COMMANDS: /data, /dexsearch, /movesearch, /groups, /faq, /rules, /intro, /formatshelp, /othermetas, /learn, /analysis, /calc (replace / with ! to broadcast. Broadcasting requires: + % @ * # & ~)
For an overview of room commands, use /roomhelp
For details of a specific command, use something like: /help data
|c|+GokuFan420|!help
COMMANDS: /msg, /reply, /logout, /challenge, /search, /rating, /whois
OPTION COMMANDS: /nick, /avatar, /ignore, /away, /back, /timestamps, /highlight
INFORMATIONAL COMMANDS: /data, /dexsearch, /movesearch, /groups, /faq, /rules, /intro, /formatshelp, /othermetas, /learn, /analysis, /calc (replace / with ! to broadcast. Broadcasting requires: + % @ * # & ~)
For an overview of room commands, use /roomhelp
For details of a specific command, use something like: /help data
|c|☆imkgh|!HELP
COMMANDS: /msg, /reply, /logout, /challenge, /search, /rating, /whois
OPTION COMMANDS: /nick, /avatar, /ignore, /away, /back, /timestamps, /highlight
INFORMATIONAL COMMANDS: /data, /dexsearch, /movesearch, /groups, /faq, /rules, /intro, /formatshelp, /othermetas, /learn, /analysis, /calc (replace / with ! to broadcast. Broadcasting requires: + % @ * # & ~)
For an overview of room commands, use /roomhelp
For details of a specific command, use something like: /help data
|c|+GokuFan420|!help
COMMANDS: /msg, /reply, /logout, /challenge, /search, /rating, /whois
OPTION COMMANDS: /nick, /avatar, /ignore, /away, /back, /timestamps, /highlight
INFORMATIONAL COMMANDS: /data, /dexsearch, /movesearch, /groups, /faq, /rules, /intro, /formatshelp, /othermetas, /learn, /analysis, /calc (replace / with ! to broadcast. Broadcasting requires: + % @ * # & ~)
For an overview of room commands, use /roomhelp
For details of a specific command, use something like: /help data
|c|☆imkgh|!HELP
COMMANDS: /msg, /reply, /logout, /challenge, /search, /rating, /whois
OPTION COMMANDS: /nick, /avatar, /ignore, /away, /back, /timestamps, /highlight
INFORMATIONAL COMMANDS: /data, /dexsearch, /movesearch, /groups, /faq, /rules, /intro, /formatshelp, /othermetas, /learn, /analysis, /calc (replace / with ! to broadcast. Broadcasting requires: + % @ * # & ~)
For an overview of room commands, use /roomhelp
For details of a specific command, use something like: /help data
|c|+GokuFan420|!help
COMMANDS: /msg, /reply, /logout, /challenge, /search, /rating, /whois
OPTION COMMANDS: /nick, /avatar, /ignore, /away, /back, /timestamps, /highlight
INFORMATIONAL COMMANDS: /data, /dexsearch, /movesearch, /groups, /faq, /rules, /intro, /formatshelp, /othermetas, /learn, /analysis, /calc (replace / with ! to broadcast. Broadcasting requires: + % @ * # & ~)
For an overview of room commands, use /roomhelp
For details of a specific command, use something like: /help data
|c|+Emperor Wailord|!HELP
COMMANDS: /msg, /reply, /logout, /challenge, /search, /rating, /whois
OPTION COMMANDS: /nick, /avatar, /ignore, /away, /back, /timestamps, /highlight
INFORMATIONAL COMMANDS: /data, /dexsearch, /movesearch, /groups, /faq, /rules, /intro, /formatshelp, /othermetas, /learn, /analysis, /calc (replace / with ! to broadcast. Broadcasting requires: + % @ * # & ~)
For an overview of room commands, use /roomhelp
For details of a specific command, use something like: /help data
|c|☆imkgh|!HELP
COMMANDS: /msg, /reply, /logout, /challenge, /search, /rating, /whois
OPTION COMMANDS: /nick, /avatar, /ignore, /away, /back, /timestamps, /highlight
INFORMATIONAL COMMANDS: /data, /dexsearch, /movesearch, /groups, /faq, /rules, /intro, /formatshelp, /othermetas, /learn, /analysis, /calc (replace / with ! to broadcast. Broadcasting requires: + % @ * # & ~)
For an overview of room commands, use /roomhelp
For details of a specific command, use something like: /help data
|c|+GokuFan420|!help
COMMANDS: /msg, /reply, /logout, /challenge, /search, /rating, /whois
OPTION COMMANDS: /nick, /avatar, /ignore, /away, /back, /timestamps, /highlight
INFORMATIONAL COMMANDS: /data, /dexsearch, /movesearch, /groups, /faq, /rules, /intro, /formatshelp, /othermetas, /learn, /analysis, /calc (replace / with ! to broadcast. Broadcasting requires: + % @ * # & ~)
For an overview of room commands, use /roomhelp
For details of a specific command, use something like: /help data
|c|☆imkgh|!HELP
COMMANDS: /msg, /reply, /logout, /challenge, /search, /rating, /whois
OPTION COMMANDS: /nick, /avatar, /ignore, /away, /back, /timestamps, /highlight
INFORMATIONAL COMMANDS: /data, /dexsearch, /movesearch, /groups, /faq, /rules, /intro, /formatshelp, /othermetas, /learn, /analysis, /calc (replace / with ! to broadcast. Broadcasting requires: + % @ * # & ~)
For an overview of room commands, use /roomhelp
For details of a specific command, use something like: /help data
|c|+GokuFan420|!help
COMMANDS: /msg, /reply, /logout, /challenge, /search, /rating, /whois
OPTION COMMANDS: /nick, /avatar, /ignore, /away, /back, /timestamps, /highlight
INFORMATIONAL COMMANDS: /data, /dexsearch, /movesearch, /groups, /faq, /rules, /intro, /formatshelp, /othermetas, /learn, /analysis, /calc (replace / with ! to broadcast. Broadcasting requires: + % @ * # & ~)
For an overview of room commands, use /roomhelp
For details of a specific command, use something like: /help data
|c|☆imkgh|!HELP
COMMANDS: /msg, /reply, /logout, /challenge, /search, /rating, /whois
OPTION COMMANDS: /nick, /avatar, /ignore, /away, /back, /timestamps, /highlight
INFORMATIONAL COMMANDS: /data, /dexsearch, /movesearch, /groups, /faq, /rules, /intro, /formatshelp, /othermetas, /learn, /analysis, /calc (replace / with ! to broadcast. Broadcasting requires: + % @ * # & ~)
For an overview of room commands, use /roomhelp
For details of a specific command, use something like: /help data
|c|+DedeleleletWhooop|!help
COMMANDS: /msg, /reply, /logout, /challenge, /search, /rating, /whois
OPTION COMMANDS: /nick, /avatar, /ignore, /away, /back, /timestamps, /highlight
INFORMATIONAL COMMANDS: /data, /dexsearch, /movesearch, /groups, /faq, /rules, /intro, /formatshelp, /othermetas, /learn, /analysis, /calc (replace / with ! to broadcast. Broadcasting requires: + % @ * # & ~)
For an overview of room commands, use /roomhelp
For details of a specific command, use something like: /help data
|c|+GokuFan420|!help
COMMANDS: /msg, /reply, /logout, /challenge, /search, /rating, /whois
OPTION COMMANDS: /nick, /avatar, /ignore, /away, /back, /timestamps, /highlight
INFORMATIONAL COMMANDS: /data, /dexsearch, /movesearch, /groups, /faq, /rules, /intro, /formatshelp, /othermetas, /learn, /analysis, /calc (replace / with ! to broadcast. Broadcasting requires: + % @ * # & ~)
For an overview of room commands, use /roomhelp
For details of a specific command, use something like: /help data
|c|☆imkgh|!HELP
COMMANDS: /msg, /reply, /logout, /challenge, /search, /rating, /whois
OPTION COMMANDS: /nick, /avatar, /ignore, /away, /back, /timestamps, /highlight
INFORMATIONAL COMMANDS: /data, /dexsearch, /movesearch, /groups, /faq, /rules, /intro, /formatshelp, /othermetas, /learn, /analysis, /calc (replace / with ! to broadcast. Broadcasting requires: + % @ * # & ~)
For an overview of room commands, use /roomhelp
For details of a specific command, use something like: /help data
|c|+GokuFan420|!help
COMMANDS: /msg, /reply, /logout, /challenge, /search, /rating, /whois
OPTION COMMANDS: /nick, /avatar, /ignore, /away, /back, /timestamps, /highlight
INFORMATIONAL COMMANDS: /data, /dexsearch, /movesearch, /groups, /faq, /rules, /intro, /formatshelp, /othermetas, /learn, /analysis, /calc (replace / with ! to broadcast. Broadcasting requires: + % @ * # & ~)
For an overview of room commands, use /roomhelp
For details of a specific command, use something like: /help data
|c|☆imkgh|!HELP
COMMANDS: /msg, /reply, /logout, /challenge, /search, /rating, /whois
OPTION COMMANDS: /nick, /avatar, /ignore, /away, /back, /timestamps, /highlight
INFORMATIONAL COMMANDS: /data, /dexsearch, /movesearch, /groups, /faq, /rules, /intro, /formatshelp, /othermetas, /learn, /analysis, /calc (replace / with ! to broadcast. Broadcasting requires: + % @ * # & ~)
For an overview of room commands, use /roomhelp
For details of a specific command, use something like: /help data
|c|+GokuFan420|!help
COMMANDS: /msg, /reply, /logout, /challenge, /search, /rating, /whois
OPTION COMMANDS: /nick, /avatar, /ignore, /away, /back, /timestamps, /highlight
INFORMATIONAL COMMANDS: /data, /dexsearch, /movesearch, /groups, /faq, /rules, /intro, /formatshelp, /othermetas, /learn, /analysis, /calc (replace / with ! to broadcast. Broadcasting requires: + % @ * # & ~)
For an overview of room commands, use /roomhelp
For details of a specific command, use something like: /help data
|c|+Emperor Wailord|!HELP
COMMANDS: /msg, /reply, /logout, /challenge, /search, /rating, /whois
OPTION COMMANDS: /nick, /avatar, /ignore, /away, /back, /timestamps, /highlight
INFORMATIONAL COMMANDS: /data, /dexsearch, /movesearch, /groups, /faq, /rules, /intro, /formatshelp, /othermetas, /learn, /analysis, /calc (replace / with ! to broadcast. Broadcasting requires: + % @ * # & ~)
For an overview of room commands, use /roomhelp
For details of a specific command, use something like: /help data
|c|☆imkgh|!HELP
COMMANDS: /msg, /reply, /logout, /challenge, /search, /rating, /whois
OPTION COMMANDS: /nick, /avatar, /ignore, /away, /back, /timestamps, /highlight
INFORMATIONAL COMMANDS: /data, /dexsearch, /movesearch, /groups, /faq, /rules, /intro, /formatshelp, /othermetas, /learn, /analysis, /calc (replace / with ! to broadcast. Broadcasting requires: + % @ * # & ~)
For an overview of room commands, use /roomhelp
For details of a specific command, use something like: /help data
|c|+GokuFan420|!help
COMMANDS: /msg, /reply, /logout, /challenge, /search, /rating, /whois
OPTION COMMANDS: /nick, /avatar, /ignore, /away, /back, /timestamps, /highlight
INFORMATIONAL COMMANDS: /data, /dexsearch, /movesearch, /groups, /faq, /rules, /intro, /formatshelp, /othermetas, /learn, /analysis, /calc (replace / with ! to broadcast. Broadcasting requires: + % @ * # & ~)
For an overview of room commands, use /roomhelp
For details of a specific command, use something like: /help data
|c|☆imkgh|!HELP
COMMANDS: /msg, /reply, /logout, /challenge, /search, /rating, /whois
OPTION COMMANDS: /nick, /avatar, /ignore, /away, /back, /timestamps, /highlight
INFORMATIONAL COMMANDS: /data, /dexsearch, /movesearch, /groups, /faq, /rules, /intro, /formatshelp, /othermetas, /learn, /analysis, /calc (replace / with ! to broadcast. Broadcasting requires: + % @ * # & ~)
For an overview of room commands, use /roomhelp
For details of a specific command, use something like: /help data
|c|+GokuFan420|!help
COMMANDS: /msg, /reply, /logout, /challenge, /search, /rating, /whois
OPTION COMMANDS: /nick, /avatar, /ignore, /away, /back, /timestamps, /highlight
INFORMATIONAL COMMANDS: /data, /dexsearch, /movesearch, /groups, /faq, /rules, /intro, /formatshelp, /othermetas, /learn, /analysis, /calc (replace / with ! to broadcast. Broadcasting requires: + % @ * # & ~)
For an overview of room commands, use /roomhelp
For details of a specific command, use something like: /help data
|c|☆imkgh|!HELP
COMMANDS: /msg, /reply, /logout, /challenge, /search, /rating, /whois
OPTION COMMANDS: /nick, /avatar, /ignore, /away, /back, /timestamps, /highlight
INFORMATIONAL COMMANDS: /data, /dexsearch, /movesearch, /groups, /faq, /rules, /intro, /formatshelp, /othermetas, /learn, /analysis, /calc (replace / with ! to broadcast. Broadcasting requires: + % @ * # & ~)
For an overview of room commands, use /roomhelp
For details of a specific command, use something like: /help data
|c|+GokuFan420|!help
COMMANDS: /msg, /reply, /logout, /challenge, /search, /rating, /whois
OPTION COMMANDS: /nick, /avatar, /ignore, /away, /back, /timestamps, /highlight
INFORMATIONAL COMMANDS: /data, /dexsearch, /movesearch, /groups, /faq, /rules, /intro, /formatshelp, /othermetas, /learn, /analysis, /calc (replace / with ! to broadcast. Broadcasting requires: + % @ * # & ~)
For an overview of room commands, use /roomhelp
For details of a specific command, use something like: /help data
|c|☆imkgh|!HELP
COMMANDS: /msg, /reply, /logout, /challenge, /search, /rating, /whois
OPTION COMMANDS: /nick, /avatar, /ignore, /away, /back, /timestamps, /highlight
INFORMATIONAL COMMANDS: /data, /dexsearch, /movesearch, /groups, /faq, /rules, /intro, /formatshelp, /othermetas, /learn, /analysis, /calc (replace / with ! to broadcast. Broadcasting requires: + % @ * # & ~)
For an overview of room commands, use /roomhelp
For details of a specific command, use something like: /help data
|c|+GokuFan420|!help
COMMANDS: /msg, /reply, /logout, /challenge, /search, /rating, /whois
OPTION COMMANDS: /nick, /avatar, /ignore, /away, /back, /timestamps, /highlight
INFORMATIONAL COMMANDS: /data, /dexsearch, /movesearch, /groups, /faq, /rules, /intro, /formatshelp, /othermetas, /learn, /analysis, /calc (replace / with ! to broadcast. Broadcasting requires: + % @ * # & ~)
For an overview of room commands, use /roomhelp
For details of a specific command, use something like: /help data
|c|☆imkgh|!HELP
COMMANDS: /msg, /reply, /logout, /challenge, /search, /rating, /whois
OPTION COMMANDS: /nick, /avatar, /ignore, /away, /back, /timestamps, /highlight
INFORMATIONAL COMMANDS: /data, /dexsearch, /movesearch, /groups, /faq, /rules, /intro, /formatshelp, /othermetas, /learn, /analysis, /calc (replace / with ! to broadcast. Broadcasting requires: + % @ * # & ~)
For an overview of room commands, use /roomhelp
For details of a specific command, use something like: /help data
|c|+GokuFan420|!help
COMMANDS: /msg, /reply, /logout, /challenge, /search, /rating, /whois
OPTION COMMANDS: /nick, /avatar, /ignore, /away, /back, /timestamps, /highlight
INFORMATIONAL COMMANDS: /data, /dexsearch, /movesearch, /groups, /faq, /rules, /intro, /formatshelp, /othermetas, /learn, /analysis, /calc (replace / with ! to broadcast. Broadcasting requires: + % @ * # & ~)
For an overview of room commands, use /roomhelp
For details of a specific command, use something like: /help data
|c|☆imkgh|!HELP
COMMANDS: /msg, /reply, /logout, /challenge, /search, /rating, /whois
OPTION COMMANDS: /nick, /avatar, /ignore, /away, /back, /timestamps, /highlight
INFORMATIONAL COMMANDS: /data, /dexsearch, /movesearch, /groups, /faq, /rules, /intro, /formatshelp, /othermetas, /learn, /analysis, /calc (replace / with ! to broadcast. Broadcasting requires: + % @ * # & ~)
For an overview of room commands, use /roomhelp
For details of a specific command, use something like: /help data
|c|+GokuFan420|!help
COMMANDS: /msg, /reply, /logout, /challenge, /search, /rating, /whois
OPTION COMMANDS: /nick, /avatar, /ignore, /away, /back, /timestamps, /highlight
INFORMATIONAL COMMANDS: /data, /dexsearch, /movesearch, /groups, /faq, /rules, /intro, /formatshelp, /othermetas, /learn, /analysis, /calc (replace / with ! to broadcast. Broadcasting requires: + % @ * # & ~)
For an overview of room commands, use /roomhelp
For details of a specific command, use something like: /help data
|c|☆imkgh|!HELP
COMMANDS: /msg, /reply, /logout, /challenge, /search, /rating, /whois
OPTION COMMANDS: /nick, /avatar, /ignore, /away, /back, /timestamps, /highlight
INFORMATIONAL COMMANDS: /data, /dexsearch, /movesearch, /groups, /faq, /rules, /intro, /formatshelp, /othermetas, /learn, /analysis, /calc (replace / with ! to broadcast. Broadcasting requires: + % @ * # & ~)
For an overview of room commands, use /roomhelp
For details of a specific command, use something like: /help data
|c|+GokuFan420|!help
COMMANDS: /msg, /reply, /logout, /challenge, /search, /rating, /whois
OPTION COMMANDS: /nick, /avatar, /ignore, /away, /back, /timestamps, /highlight
INFORMATIONAL COMMANDS: /data, /dexsearch, /movesearch, /groups, /faq, /rules, /intro, /formatshelp, /othermetas, /learn, /analysis, /calc (replace / with ! to broadcast. Broadcasting requires: + % @ * # & ~)
For an overview of room commands, use /roomhelp
For details of a specific command, use something like: /help data
|c|☆imkgh|!HELP
COMMANDS: /msg, /reply, /logout, /challenge, /search, /rating, /whois
OPTION COMMANDS: /nick, /avatar, /ignore, /away, /back, /timestamps, /highlight
INFORMATIONAL COMMANDS: /data, /dexsearch, /movesearch, /groups, /faq, /rules, /intro, /formatshelp, /othermetas, /learn, /analysis, /calc (replace / with ! to broadcast. Broadcasting requires: + % @ * # & ~)
For an overview of room commands, use /roomhelp
For details of a specific command, use something like: /help data
|c|+GokuFan420|!help
COMMANDS: /msg, /reply, /logout, /challenge, /search, /rating, /whois
OPTION COMMANDS: /nick, /avatar, /ignore, /away, /back, /timestamps, /highlight
INFORMATIONAL COMMANDS: /data, /dexsearch, /movesearch, /groups, /faq, /rules, /intro, /formatshelp, /othermetas, /learn, /analysis, /calc (replace / with ! to broadcast. Broadcasting requires: + % @ * # & ~)
For an overview of room commands, use /roomhelp
For details of a specific command, use something like: /help data
|c|☆imkgh|!HELP
COMMANDS: /msg, /reply, /logout, /challenge, /search, /rating, /whois
OPTION COMMANDS: /nick, /avatar, /ignore, /away, /back, /timestamps, /highlight
INFORMATIONAL COMMANDS: /data, /dexsearch, /movesearch, /groups, /faq, /rules, /intro, /formatshelp, /othermetas, /learn, /analysis, /calc (replace / with ! to broadcast. Broadcasting requires: + % @ * # & ~)
For an overview of room commands, use /roomhelp
For details of a specific command, use something like: /help data
|c|+GokuFan420|!help
COMMANDS: /msg, /reply, /logout, /challenge, /search, /rating, /whois
OPTION COMMANDS: /nick, /avatar, /ignore, /away, /back, /timestamps, /highlight
INFORMATIONAL COMMANDS: /data, /dexsearch, /movesearch, /groups, /faq, /rules, /intro, /formatshelp, /othermetas, /learn, /analysis, /calc (replace / with ! to broadcast. Broadcasting requires: + % @ * # & ~)
For an overview of room commands, use /roomhelp
For details of a specific command, use something like: /help data
|c|☆imkgh|!HELP
COMMANDS: /msg, /reply, /logout, /challenge, /search, /rating, /whois
OPTION COMMANDS: /nick, /avatar, /ignore, /away, /back, /timestamps, /highlight
INFORMATIONAL COMMANDS: /data, /dexsearch, /movesearch, /groups, /faq, /rules, /intro, /formatshelp, /othermetas, /learn, /analysis, /calc (replace / with ! to broadcast. Broadcasting requires: + % @ * # & ~)
For an overview of room commands, use /roomhelp
For details of a specific command, use something like: /help data
|c|+GokuFan420|!help
COMMANDS: /msg, /reply, /logout, /challenge, /search, /rating, /whois
OPTION COMMANDS: /nick, /avatar, /ignore, /away, /back, /timestamps, /highlight
INFORMATIONAL COMMANDS: /data, /dexsearch, /movesearch, /groups, /faq, /rules, /intro, /formatshelp, /othermetas, /learn, /analysis, /calc (replace / with ! to broadcast. Broadcasting requires: + % @ * # & ~)
For an overview of room commands, use /roomhelp
For details of a specific command, use something like: /help data
|c|☆imkgh|!HELP
COMMANDS: /msg, /reply, /logout, /challenge, /search, /rating, /whois
OPTION COMMANDS: /nick, /avatar, /ignore, /away, /back, /timestamps, /highlight
INFORMATIONAL COMMANDS: /data, /dexsearch, /movesearch, /groups, /faq, /rules, /intro, /formatshelp, /othermetas, /learn, /analysis, /calc (replace / with ! to broadcast. Broadcasting requires: + % @ * # & ~)
For an overview of room commands, use /roomhelp
For details of a specific command, use something like: /help data
|c|+GokuFan420|!help
COMMANDS: /msg, /reply, /logout, /challenge, /search, /rating, /whois
OPTION COMMANDS: /nick, /avatar, /ignore, /away, /back, /timestamps, /highlight
INFORMATIONAL COMMANDS: /data, /dexsearch, /movesearch, /groups, /faq, /rules, /intro, /formatshelp, /othermetas, /learn, /analysis, /calc (replace / with ! to broadcast. Broadcasting requires: + % @ * # & ~)
For an overview of room commands, use /roomhelp
For details of a specific command, use something like: /help data
|c|☆imkgh|!HELP
COMMANDS: /msg, /reply, /logout, /challenge, /search, /rating, /whois
OPTION COMMANDS: /nick, /avatar, /ignore, /away, /back, /timestamps, /highlight
INFORMATIONAL COMMANDS: /data, /dexsearch, /movesearch, /groups, /faq, /rules, /intro, /formatshelp, /othermetas, /learn, /analysis, /calc (replace / with ! to broadcast. Broadcasting requires: + % @ * # & ~)
For an overview of room commands, use /roomhelp
For details of a specific command, use something like: /help data
|c|+GokuFan420|!help
COMMANDS: /msg, /reply, /logout, /challenge, /search, /rating, /whois
OPTION COMMANDS: /nick, /avatar, /ignore, /away, /back, /timestamps, /highlight
INFORMATIONAL COMMANDS: /data, /dexsearch, /movesearch, /groups, /faq, /rules, /intro, /formatshelp, /othermetas, /learn, /analysis, /calc (replace / with ! to broadcast. Broadcasting requires: + % @ * # & ~)
For an overview of room commands, use /roomhelp
For details of a specific command, use something like: /help data
|c|☆imkgh|!HELP
COMMANDS: /msg, /reply, /logout, /challenge, /search, /rating, /whois
OPTION COMMANDS: /nick, /avatar, /ignore, /away, /back, /timestamps, /highlight
INFORMATIONAL COMMANDS: /data, /dexsearch, /movesearch, /groups, /faq, /rules, /intro, /formatshelp, /othermetas, /learn, /analysis, /calc (replace / with ! to broadcast. Broadcasting requires: + % @ * # & ~)
For an overview of room commands, use /roomhelp
For details of a specific command, use something like: /help data
|c|+GokuFan420|!help
COMMANDS: /msg, /reply, /logout, /challenge, /search, /rating, /whois
OPTION COMMANDS: /nick, /avatar, /ignore, /away, /back, /timestamps, /highlight
INFORMATIONAL COMMANDS: /data, /dexsearch, /movesearch, /groups, /faq, /rules, /intro, /formatshelp, /othermetas, /learn, /analysis, /calc (replace / with ! to broadcast. Broadcasting requires: + % @ * # & ~)
For an overview of room commands, use /roomhelp
For details of a specific command, use something like: /help data
|c|☆imkgh|!HELP
COMMANDS: /msg, /reply, /logout, /challenge, /search, /rating, /whois
OPTION COMMANDS: /nick, /avatar, /ignore, /away, /back, /timestamps, /highlight
INFORMATIONAL COMMANDS: /data, /dexsearch, /movesearch, /groups, /faq, /rules, /intro, /formatshelp, /othermetas, /learn, /analysis, /calc (replace / with ! to broadcast. Broadcasting requires: + % @ * # & ~)
For an overview of room commands, use /roomhelp
For details of a specific command, use something like: /help data
|c|+GokuFan420|!help
COMMANDS: /msg, /reply, /logout, /challenge, /search, /rating, /whois
OPTION COMMANDS: /nick, /avatar, /ignore, /away, /back, /timestamps, /highlight
INFORMATIONAL COMMANDS: /data, /dexsearch, /movesearch, /groups, /faq, /rules, /intro, /formatshelp, /othermetas, /learn, /analysis, /calc (replace / with ! to broadcast. Broadcasting requires: + % @ * # & ~)
For an overview of room commands, use /roomhelp
For details of a specific command, use something like: /help data
|c|☆imkgh|!HELP
COMMANDS: /msg, /reply, /logout, /challenge, /search, /rating, /whois
OPTION COMMANDS: /nick, /avatar, /ignore, /away, /back, /timestamps, /highlight
INFORMATIONAL COMMANDS: /data, /dexsearch, /movesearch, /groups, /faq, /rules, /intro, /formatshelp, /othermetas, /learn, /analysis, /calc (replace / with ! to broadcast. Broadcasting requires: + % @ * # & ~)
For an overview of room commands, use /roomhelp
For details of a specific command, use something like: /help data
|c|+GokuFan420|!help
COMMANDS: /msg, /reply, /logout, /challenge, /search, /rating, /whois
OPTION COMMANDS: /nick, /avatar, /ignore, /away, /back, /timestamps, /highlight
INFORMATIONAL COMMANDS: /data, /dexsearch, /movesearch, /groups, /faq, /rules, /intro, /formatshelp, /othermetas, /learn, /analysis, /calc (replace / with ! to broadcast. Broadcasting requires: + % @ * # & ~)
For an overview of room commands, use /roomhelp
For details of a specific command, use something like: /help data
|c|☆imkgh|!HELP
COMMANDS: /msg, /reply, /logout, /challenge, /search, /rating, /whois
OPTION COMMANDS: /nick, /avatar, /ignore, /away, /back, /timestamps, /highlight
INFORMATIONAL COMMANDS: /data, /dexsearch, /movesearch, /groups, /faq, /rules, /intro, /formatshelp, /othermetas, /learn, /analysis, /calc (replace / with ! to broadcast. Broadcasting requires: + % @ * # & ~)
For an overview of room commands, use /roomhelp
For details of a specific command, use something like: /help data
|c|+GokuFan420|!help
COMMANDS: /msg, /reply, /logout, /challenge, /search, /rating, /whois
OPTION COMMANDS: /nick, /avatar, /ignore, /away, /back, /timestamps, /highlight
INFORMATIONAL COMMANDS: /data, /dexsearch, /movesearch, /groups, /faq, /rules, /intro, /formatshelp, /othermetas, /learn, /analysis, /calc (replace / with ! to broadcast. Broadcasting requires: + % @ * # & ~)
For an overview of room commands, use /roomhelp
For details of a specific command, use something like: /help data
|c|☆imkgh|!HELP
COMMANDS: /msg, /reply, /logout, /challenge, /search, /rating, /whois
OPTION COMMANDS: /nick, /avatar, /ignore, /away, /back, /timestamps, /highlight
INFORMATIONAL COMMANDS: /data, /dexsearch, /movesearch, /groups, /faq, /rules, /intro, /formatshelp, /othermetas, /learn, /analysis, /calc (replace / with ! to broadcast. Broadcasting requires: + % @ * # & ~)
For an overview of room commands, use /roomhelp
For details of a specific command, use something like: /help data
|c|+GokuFan420|!help
COMMANDS: /msg, /reply, /logout, /challenge, /search, /rating, /whois
OPTION COMMANDS: /nick, /avatar, /ignore, /away, /back, /timestamps, /highlight
INFORMATIONAL COMMANDS: /data, /dexsearch, /movesearch, /groups, /faq, /rules, /intro, /formatshelp, /othermetas, /learn, /analysis, /calc (replace / with ! to broadcast. Broadcasting requires: + % @ * # & ~)
For an overview of room commands, use /roomhelp
For details of a specific command, use something like: /help data
|c|+DedeleleletWhooop|!rules
|html|<div class="infobox">Please follow the rules:<br />- <a href="https://pokemonshowdown.com/rules">Rules</a></div>
|c|☆imkgh|!HELP
COMMANDS: /msg, /reply, /logout, /challenge, /search, /rating, /whois
OPTION COMMANDS: /nick, /avatar, /ignore, /away, /back, /timestamps, /highlight
INFORMATIONAL COMMANDS: /data, /dexsearch, /movesearch, /groups, /faq, /rules, /intro, /formatshelp, /othermetas, /learn, /analysis, /calc (replace / with ! to broadcast. Broadcasting requires: + % @ * # & ~)
For an overview of room commands, use /roomhelp
For details of a specific command, use something like: /help data
|choice||switch 4
|
|switch|p2a: Toxapex|Toxapex, M|304/304
|-damage|p2a: Toxapex|266/304|[from] Stealth Rock
|turn|39
|c|+GokuFan420|!help
COMMANDS: /msg, /reply, /logout, /challenge, /search, /rating, /whois
OPTION COMMANDS: /nick, /avatar, /ignore, /away, /back, /timestamps, /highlight
INFORMATIONAL COMMANDS: /data, /dexsearch, /movesearch, /groups, /faq, /rules, /intro, /formatshelp, /othermetas, /learn, /analysis, /calc (replace / with ! to broadcast. Broadcasting requires: + % @ * # & ~)
For an overview of room commands, use /roomhelp
For details of a specific command, use something like: /help data
|c|☆imkgh|!HELP
COMMANDS: /msg, /reply, /logout, /challenge, /search, /rating, /whois
OPTION COMMANDS: /nick, /avatar, /ignore, /away, /back, /timestamps, /highlight
INFORMATIONAL COMMANDS: /data, /dexsearch, /movesearch, /groups, /faq, /rules, /intro, /formatshelp, /othermetas, /learn, /analysis, /calc (replace / with ! to broadcast. Broadcasting requires: + % @ * # & ~)
For an overview of room commands, use /roomhelp
For details of a specific command, use something like: /help data
|c|+GokuFan420|!help
COMMANDS: /msg, /reply, /logout, /challenge, /search, /rating, /whois
OPTION COMMANDS: /nick, /avatar, /ignore, /away, /back, /timestamps, /highlight
INFORMATIONAL COMMANDS: /data, /dexsearch, /movesearch, /groups, /faq, /rules, /intro, /formatshelp, /othermetas, /learn, /analysis, /calc (replace / with ! to broadcast. Broadcasting requires: + % @ * # & ~)
For an overview of room commands, use /roomhelp
For details of a specific command, use something like: /help data
|c|☆imkgh|!HELP
COMMANDS: /msg, /reply, /logout, /challenge, /search, /rating, /whois
OPTION COMMANDS: /nick, /avatar, /ignore, /away, /back, /timestamps, /highlight
INFORMATIONAL COMMANDS: /data, /dexsearch, /movesearch, /groups, /faq, /rules, /intro, /formatshelp, /othermetas, /learn, /analysis, /calc (replace / with ! to broadcast. Broadcasting requires: + % @ * # & ~)
For an overview of room commands, use /roomhelp
For details of a specific command, use something like: /help data
|c|+GokuFan420|!help
COMMANDS: /msg, /reply, /logout, /challenge, /search, /rating, /whois
OPTION COMMANDS: /nick, /avatar, /ignore, /away, /back, /timestamps, /highlight
INFORMATIONAL COMMANDS: /data, /dexsearch, /movesearch, /groups, /faq, /rules, /intro, /formatshelp, /othermetas, /learn, /analysis, /calc (replace / with ! to broadcast. Broadcasting requires: + % @ * # & ~)
For an overview of room commands, use /roomhelp
For details of a specific command, use something like: /help data
|c|☆imkgh|!HELP
COMMANDS: /msg, /reply, /logout, /challenge, /search, /rating, /whois
OPTION COMMANDS: /nick, /avatar, /ignore, /away, /back, /timestamps, /highlight
INFORMATIONAL COMMANDS: /data, /dexsearch, /movesearch, /groups, /faq, /rules, /intro, /formatshelp, /othermetas, /learn, /analysis, /calc (replace / with ! to broadcast. Broadcasting requires: + % @ * # & ~)
For an overview of room commands, use /roomhelp
For details of a specific command, use something like: /help data
|c|+GokuFan420|!help
COMMANDS: /msg, /reply, /logout, /challenge, /search, /rating, /whois
OPTION COMMANDS: /nick, /avatar, /ignore, /away, /back, /timestamps, /highlight
INFORMATIONAL COMMANDS: /data, /dexsearch, /movesearch, /groups, /faq, /rules, /intro, /formatshelp, /othermetas, /learn, /analysis, /calc (replace / with ! to broadcast. Broadcasting requires: + % @ * # & ~)
For an overview of room commands, use /roomhelp
For details of a specific command, use something like: /help data
|c|☆imkgh|!HELP
COMMANDS: /msg, /reply, /logout, /challenge, /search, /rating, /whois
OPTION COMMANDS: /nick, /avatar, /ignore, /away, /back, /timestamps, /highlight
INFORMATIONAL COMMANDS: /data, /dexsearch, /movesearch, /groups, /faq, /rules, /intro, /formatshelp, /othermetas, /learn, /analysis, /calc (replace / with ! to broadcast. Broadcasting requires: + % @ * # & ~)
For an overview of room commands, use /roomhelp
For details of a specific command, use something like: /help data
|c|+GokuFan420|!help
COMMANDS: /msg, /reply, /logout, /challenge, /search, /rating, /whois
OPTION COMMANDS: /nick, /avatar, /ignore, /away, /back, /timestamps, /highlight
INFORMATIONAL COMMANDS: /data, /dexsearch, /movesearch, /groups, /faq, /rules, /intro, /formatshelp, /othermetas, /learn, /analysis, /calc (replace / with ! to broadcast. Broadcasting requires: + % @ * # & ~)
For an overview of room commands, use /roomhelp
For details of a specific command, use something like: /help data
|c|☆imkgh|!HELP
COMMANDS: /msg, /reply, /logout, /challenge, /search, /rating, /whois
OPTION COMMANDS: /nick, /avatar, /ignore, /away, /back, /timestamps, /highlight
INFORMATIONAL COMMANDS: /data, /dexsearch, /movesearch, /groups, /faq, /rules, /intro, /formatshelp, /othermetas, /learn, /analysis, /calc (replace / with ! to broadcast. Broadcasting requires: + % @ * # & ~)
For an overview of room commands, use /roomhelp
For details of a specific command, use something like: /help data
|c|+GokuFan420|!help
COMMANDS: /msg, /reply, /logout, /challenge, /search, /rating, /whois
OPTION COMMANDS: /nick, /avatar, /ignore, /away, /back, /timestamps, /highlight
INFORMATIONAL COMMANDS: /data, /dexsearch, /movesearch, /groups, /faq, /rules, /intro, /formatshelp, /othermetas, /learn, /analysis, /calc (replace / with ! to broadcast. Broadcasting requires: + % @ * # & ~)
For an overview of room commands, use /roomhelp
For details of a specific command, use something like: /help data
|c|☆imkgh|!HELP
COMMANDS: /msg, /reply, /logout, /challenge, /search, /rating, /whois
OPTION COMMANDS: /nick, /avatar, /ignore, /away, /back, /timestamps, /highlight
INFORMATIONAL COMMANDS: /data, /dexsearch, /movesearch, /groups, /faq, /rules, /intro, /formatshelp, /othermetas, /learn, /analysis, /calc (replace / with ! to broadcast. Broadcasting requires: + % @ * # & ~)
For an overview of room commands, use /roomhelp
For details of a specific command, use something like: /help data
|c|+GokuFan420|!help
COMMANDS: /msg, /reply, /logout, /challenge, /search, /rating, /whois
OPTION COMMANDS: /nick, /avatar, /ignore, /away, /back, /timestamps, /highlight
INFORMATIONAL COMMANDS: /data, /dexsearch, /movesearch, /groups, /faq, /rules, /intro, /formatshelp, /othermetas, /learn, /analysis, /calc (replace / with ! to broadcast. Broadcasting requires: + % @ * # & ~)
For an overview of room commands, use /roomhelp
For details of a specific command, use something like: /help data
|c|+GokuFan420|!help
COMMANDS: /msg, /reply, /logout, /challenge, /search, /rating, /whois
OPTION COMMANDS: /nick, /avatar, /ignore, /away, /back, /timestamps, /highlight
INFORMATIONAL COMMANDS: /data, /dexsearch, /movesearch, /groups, /faq, /rules, /intro, /formatshelp, /othermetas, /learn, /analysis, /calc (replace / with ! to broadcast. Broadcasting requires: + % @ * # & ~)
For an overview of room commands, use /roomhelp
For details of a specific command, use something like: /help data
|choice|move earthquake|move scald
|
|move|p1a: rhypenor|Earthquake|p2a: Toxapex
|-supereffective|p2a: Toxapex
|-damage|p2a: Toxapex|50/304
|move|p2a: Toxapex|Scald|p1a: rhypenor
|-supereffective|p1a: rhypenor
|-damage|p1a: rhypenor|0 fnt
|faint|p1a: rhypenor
|
|-weather|Hail|[upkeep]
|-damage|p2a: Toxapex|31/304|[from] hail
|-heal|p2a: Toxapex|50/304|[from] item: Black Sludge
|upkeep
|choice|switch 2|
|
|switch|p1a: Talonwave|Swanna, M, shiny|219/291
|-damage|p1a: Talonwave|147/291|[from] Stealth Rock
|turn|40
|j|BeadyEye
|c|+Emperor Wailord|!HELP
COMMANDS: /msg, /reply, /logout, /challenge, /search, /rating, /whois
OPTION COMMANDS: /nick, /avatar, /ignore, /away, /back, /timestamps, /highlight
INFORMATIONAL COMMANDS: /data, /dexsearch, /movesearch, /groups, /faq, /rules, /intro, /formatshelp, /othermetas, /learn, /analysis, /calc (replace / with ! to broadcast. Broadcasting requires: + % @ * # & ~)
For an overview of room commands, use /roomhelp
For details of a specific command, use something like: /help data
|c|☆imkgh|/log BeadyEye was promoted to Room Voice by imkgh.
|c|☆imkgh|!HELP
COMMANDS: /msg, /reply, /logout, /challenge, /search, /rating, /whois
OPTION COMMANDS: /nick, /avatar, /ignore, /away, /back, /timestamps, /highlight
INFORMATIONAL COMMANDS: /data, /dexsearch, /movesearch, /groups, /faq, /rules, /intro, /formatshelp, /othermetas, /learn, /analysis, /calc (replace / with ! to broadcast. Broadcasting requires: + % @ * # & ~)
For an overview of room commands, use /roomhelp
For details of a specific command, use something like: /help data
|c|☆imkgh|!HELP
COMMANDS: /msg, /reply, /logout, /challenge, /search, /rating, /whois
OPTION COMMANDS: /nick, /avatar, /ignore, /away, /back, /timestamps, /highlight
INFORMATIONAL COMMANDS: /data, /dexsearch, /movesearch, /groups, /faq, /rules, /intro, /formatshelp, /othermetas, /learn, /analysis, /calc (replace / with ! to broadcast. Broadcasting requires: + % @ * # & ~)
For an overview of room commands, use /roomhelp
For details of a specific command, use something like: /help data
|c|☆imkgh|!HELP
COMMANDS: /msg, /reply, /logout, /challenge, /search, /rating, /whois
OPTION COMMANDS: /nick, /avatar, /ignore, /away, /back, /timestamps, /highlight
INFORMATIONAL COMMANDS: /data, /dexsearch, /movesearch, /groups, /faq, /rules, /intro, /formatshelp, /othermetas, /learn, /analysis, /calc (replace / with ! to broadcast. Broadcasting requires: + % @ * # & ~)
For an overview of room commands, use /roomhelp
For details of a specific command, use something like: /help data
|c|☆imkgh|!HELP
COMMANDS: /msg, /reply, /logout, /challenge, /search, /rating, /whois
OPTION COMMANDS: /nick, /avatar, /ignore, /away, /back, /timestamps, /highlight
INFORMATIONAL COMMANDS: /data, /dexsearch, /movesearch, /groups, /faq, /rules, /intro, /formatshelp, /othermetas, /learn, /analysis, /calc (replace / with ! to broadcast. Broadcasting requires: + % @ * # & ~)
For an overview of room commands, use /roomhelp
For details of a specific command, use something like: /help data
|c|☆imkgh|!HELP
COMMANDS: /msg, /reply, /logout, /challenge, /search, /rating, /whois
OPTION COMMANDS: /nick, /avatar, /ignore, /away, /back, /timestamps, /highlight
INFORMATIONAL COMMANDS: /data, /dexsearch, /movesearch, /groups, /faq, /rules, /intro, /formatshelp, /othermetas, /learn, /analysis, /calc (replace / with ! to broadcast. Broadcasting requires: + % @ * # & ~)
For an overview of room commands, use /roomhelp
For details of a specific command, use something like: /help data
|c|+GokuFan420|!help
COMMANDS: /msg, /reply, /logout, /challenge, /search, /rating, /whois
OPTION COMMANDS: /nick, /avatar, /ignore, /away, /back, /timestamps, /highlight
INFORMATIONAL COMMANDS: /data, /dexsearch, /movesearch, /groups, /faq, /rules, /intro, /formatshelp, /othermetas, /learn, /analysis, /calc (replace / with ! to broadcast. Broadcasting requires: + % @ * # & ~)
For an overview of room commands, use /roomhelp
For details of a specific command, use something like: /help data
|c|☆imkgh|!HELP
COMMANDS: /msg, /reply, /logout, /challenge, /search, /rating, /whois
OPTION COMMANDS: /nick, /avatar, /ignore, /away, /back, /timestamps, /highlight
INFORMATIONAL COMMANDS: /data, /dexsearch, /movesearch, /groups, /faq, /rules, /intro, /formatshelp, /othermetas, /learn, /analysis, /calc (replace / with ! to broadcast. Broadcasting requires: + % @ * # & ~)
For an overview of room commands, use /roomhelp
For details of a specific command, use something like: /help data
|c|+GokuFan420|!help
COMMANDS: /msg, /reply, /logout, /challenge, /search, /rating, /whois
OPTION COMMANDS: /nick, /avatar, /ignore, /away, /back, /timestamps, /highlight
INFORMATIONAL COMMANDS: /data, /dexsearch, /movesearch, /groups, /faq, /rules, /intro, /formatshelp, /othermetas, /learn, /analysis, /calc (replace / with ! to broadcast. Broadcasting requires: + % @ * # & ~)
For an overview of room commands, use /roomhelp
For details of a specific command, use something like: /help data
|c|+DedeleleletWhooop|!help
COMMANDS: /msg, /reply, /logout, /challenge, /search, /rating, /whois
OPTION COMMANDS: /nick, /avatar, /ignore, /away, /back, /timestamps, /highlight
INFORMATIONAL COMMANDS: /data, /dexsearch, /movesearch, /groups, /faq, /rules, /intro, /formatshelp, /othermetas, /learn, /analysis, /calc (replace / with ! to broadcast. Broadcasting requires: + % @ * # & ~)
For an overview of room commands, use /roomhelp
For details of a specific command, use something like: /help data
|c|☆imkgh|!HELP
COMMANDS: /msg, /reply, /logout, /challenge, /search, /rating, /whois
OPTION COMMANDS: /nick, /avatar, /ignore, /away, /back, /timestamps, /highlight
INFORMATIONAL COMMANDS: /data, /dexsearch, /movesearch, /groups, /faq, /rules, /intro, /formatshelp, /othermetas, /learn, /analysis, /calc (replace / with ! to broadcast. Broadcasting requires: + % @ * # & ~)
For an overview of room commands, use /roomhelp
For details of a specific command, use something like: /help data
|c|+GokuFan420|!help
COMMANDS: /msg, /reply, /logout, /challenge, /search, /rating, /whois
OPTION COMMANDS: /nick, /avatar, /ignore, /away, /back, /timestamps, /highlight
INFORMATIONAL COMMANDS: /data, /dexsearch, /movesearch, /groups, /faq, /rules, /intro, /formatshelp, /othermetas, /learn, /analysis, /calc (replace / with ! to broadcast. Broadcasting requires: + % @ * # & ~)
For an overview of room commands, use /roomhelp
For details of a specific command, use something like: /help data
|c|☆imkgh|!HELP
COMMANDS: /msg, /reply, /logout, /challenge, /search, /rating, /whois
OPTION COMMANDS: /nick, /avatar, /ignore, /away, /back, /timestamps, /highlight
INFORMATIONAL COMMANDS: /data, /dexsearch, /movesearch, /groups, /faq, /rules, /intro, /formatshelp, /othermetas, /learn, /analysis, /calc (replace / with ! to broadcast. Broadcasting requires: + % @ * # & ~)
For an overview of room commands, use /roomhelp
For details of a specific command, use something like: /help data
|c|+GokuFan420|!help
COMMANDS: /msg, /reply, /logout, /challenge, /search, /rating, /whois
OPTION COMMANDS: /nick, /avatar, /ignore, /away, /back, /timestamps, /highlight
INFORMATIONAL COMMANDS: /data, /dexsearch, /movesearch, /groups, /faq, /rules, /intro, /formatshelp, /othermetas, /learn, /analysis, /calc (replace / with ! to broadcast. Broadcasting requires: + % @ * # & ~)
For an overview of room commands, use /roomhelp
For details of a specific command, use something like: /help data
|c|☆imkgh|!HELP
COMMANDS: /msg, /reply, /logout, /challenge, /search, /rating, /whois
OPTION COMMANDS: /nick, /avatar, /ignore, /away, /back, /timestamps, /highlight
INFORMATIONAL COMMANDS: /data, /dexsearch, /movesearch, /groups, /faq, /rules, /intro, /formatshelp, /othermetas, /learn, /analysis, /calc (replace / with ! to broadcast. Broadcasting requires: + % @ * # & ~)
For an overview of room commands, use /roomhelp
For details of a specific command, use something like: /help data
|c|+GokuFan420|!help
COMMANDS: /msg, /reply, /logout, /challenge, /search, /rating, /whois
OPTION COMMANDS: /nick, /avatar, /ignore, /away, /back, /timestamps, /highlight
INFORMATIONAL COMMANDS: /data, /dexsearch, /movesearch, /groups, /faq, /rules, /intro, /formatshelp, /othermetas, /learn, /analysis, /calc (replace / with ! to broadcast. Broadcasting requires: + % @ * # & ~)
For an overview of room commands, use /roomhelp
For details of a specific command, use something like: /help data
|c|+DedeleleletWhooop|!help
COMMANDS: /msg, /reply, /logout, /challenge, /search, /rating, /whois
OPTION COMMANDS: /nick, /avatar, /ignore, /away, /back, /timestamps, /highlight
INFORMATIONAL COMMANDS: /data, /dexsearch, /movesearch, /groups, /faq, /rules, /intro, /formatshelp, /othermetas, /learn, /analysis, /calc (replace / with ! to broadcast. Broadcasting requires: + % @ * # & ~)
For an overview of room commands, use /roomhelp
For details of a specific command, use something like: /help data
|c|☆imkgh|!HELP
COMMANDS: /msg, /reply, /logout, /challenge, /search, /rating, /whois
OPTION COMMANDS: /nick, /avatar, /ignore, /away, /back, /timestamps, /highlight
INFORMATIONAL COMMANDS: /data, /dexsearch, /movesearch, /groups, /faq, /rules, /intro, /formatshelp, /othermetas, /learn, /analysis, /calc (replace / with ! to broadcast. Broadcasting requires: + % @ * # & ~)
For an overview of room commands, use /roomhelp
For details of a specific command, use something like: /help data
|c|+GokuFan420|!help
COMMANDS: /msg, /reply, /logout, /challenge, /search, /rating, /whois
OPTION COMMANDS: /nick, /avatar, /ignore, /away, /back, /timestamps, /highlight
INFORMATIONAL COMMANDS: /data, /dexsearch, /movesearch, /groups, /faq, /rules, /intro, /formatshelp, /othermetas, /learn, /analysis, /calc (replace / with ! to broadcast. Broadcasting requires: + % @ * # & ~)
For an overview of room commands, use /roomhelp
For details of a specific command, use something like: /help data
|c|+Emperor Wailord|!HELP
COMMANDS: /msg, /reply, /logout, /challenge, /search, /rating, /whois
OPTION COMMANDS: /nick, /avatar, /ignore, /away, /back, /timestamps, /highlight
INFORMATIONAL COMMANDS: /data, /dexsearch, /movesearch, /groups, /faq, /rules, /intro, /formatshelp, /othermetas, /learn, /analysis, /calc (replace / with ! to broadcast. Broadcasting requires: + % @ * # & ~)
For an overview of room commands, use /roomhelp
For details of a specific command, use something like: /help data
|c|☆imkgh|!HELP
COMMANDS: /msg, /reply, /logout, /challenge, /search, /rating, /whois
OPTION COMMANDS: /nick, /avatar, /ignore, /away, /back, /timestamps, /highlight
INFORMATIONAL COMMANDS: /data, /dexsearch, /movesearch, /groups, /faq, /rules, /intro, /formatshelp, /othermetas, /learn, /analysis, /calc (replace / with ! to broadcast. Broadcasting requires: + % @ * # & ~)
For an overview of room commands, use /roomhelp
For details of a specific command, use something like: /help data
|c|+GokuFan420|!help
COMMANDS: /msg, /reply, /logout, /challenge, /search, /rating, /whois
OPTION COMMANDS: /nick, /avatar, /ignore, /away, /back, /timestamps, /highlight
INFORMATIONAL COMMANDS: /data, /dexsearch, /movesearch, /groups, /faq, /rules, /intro, /formatshelp, /othermetas, /learn, /analysis, /calc (replace / with ! to broadcast. Broadcasting requires: + % @ * # & ~)
For an overview of room commands, use /roomhelp
For details of a specific command, use something like: /help data
|c|☆imkgh|!HELP
COMMANDS: /msg, /reply, /logout, /challenge, /search, /rating, /whois
OPTION COMMANDS: /nick, /avatar, /ignore, /away, /back, /timestamps, /highlight
INFORMATIONAL COMMANDS: /data, /dexsearch, /movesearch, /groups, /faq, /rules, /intro, /formatshelp, /othermetas, /learn, /analysis, /calc (replace / with ! to broadcast. Broadcasting requires: + % @ * # & ~)
For an overview of room commands, use /roomhelp
For details of a specific command, use something like: /help data
|c|+GokuFan420|!help
COMMANDS: /msg, /reply, /logout, /challenge, /search, /rating, /whois
OPTION COMMANDS: /nick, /avatar, /ignore, /away, /back, /timestamps, /highlight
INFORMATIONAL COMMANDS: /data, /dexsearch, /movesearch, /groups, /faq, /rules, /intro, /formatshelp, /othermetas, /learn, /analysis, /calc (replace / with ! to broadcast. Broadcasting requires: + % @ * # & ~)
For an overview of room commands, use /roomhelp
For details of a specific command, use something like: /help data
|c|+DedeleleletWhooop|!help
COMMANDS: /msg, /reply, /logout, /challenge, /search, /rating, /whois
OPTION COMMANDS: /nick, /avatar, /ignore, /away, /back, /timestamps, /highlight
INFORMATIONAL COMMANDS: /data, /dexsearch, /movesearch, /groups, /faq, /rules, /intro, /formatshelp, /othermetas, /learn, /analysis, /calc (replace / with ! to broadcast. Broadcasting requires: + % @ * # & ~)
For an overview of room commands, use /roomhelp
For details of a specific command, use something like: /help data
|c|☆imkgh|!HELP
COMMANDS: /msg, /reply, /logout, /challenge, /search, /rating, /whois
OPTION COMMANDS: /nick, /avatar, /ignore, /away, /back, /timestamps, /highlight
INFORMATIONAL COMMANDS: /data, /dexsearch, /movesearch, /groups, /faq, /rules, /intro, /formatshelp, /othermetas, /learn, /analysis, /calc (replace / with ! to broadcast. Broadcasting requires: + % @ * # & ~)
For an overview of room commands, use /roomhelp
For details of a specific command, use something like: /help data
|c|+GokuFan420|!help
COMMANDS: /msg, /reply, /logout, /challenge, /search, /rating, /whois
OPTION COMMANDS: /nick, /avatar, /ignore, /away, /back, /timestamps, /highlight
INFORMATIONAL COMMANDS: /data, /dexsearch, /movesearch, /groups, /faq, /rules, /intro, /formatshelp, /othermetas, /learn, /analysis, /calc (replace / with ! to broadcast. Broadcasting requires: + % @ * # & ~)
For an overview of room commands, use /roomhelp
For details of a specific command, use something like: /help data
|c|+DedeleleletWhooop|!help
COMMANDS: /msg, /reply, /logout, /challenge, /search, /rating, /whois
OPTION COMMANDS: /nick, /avatar, /ignore, /away, /back, /timestamps, /highlight
INFORMATIONAL COMMANDS: /data, /dexsearch, /movesearch, /groups, /faq, /rules, /intro, /formatshelp, /othermetas, /learn, /analysis, /calc (replace / with ! to broadcast. Broadcasting requires: + % @ * # & ~)
For an overview of room commands, use /roomhelp
For details of a specific command, use something like: /help data
|c|☆imkgh|!HELP
COMMANDS: /msg, /reply, /logout, /challenge, /search, /rating, /whois
OPTION COMMANDS: /nick, /avatar, /ignore, /away, /back, /timestamps, /highlight
INFORMATIONAL COMMANDS: /data, /dexsearch, /movesearch, /groups, /faq, /rules, /intro, /formatshelp, /othermetas, /learn, /analysis, /calc (replace / with ! to broadcast. Broadcasting requires: + % @ * # & ~)
For an overview of room commands, use /roomhelp
For details of a specific command, use something like: /help data
|c|+GokuFan420|!help
COMMANDS: /msg, /reply, /logout, /challenge, /search, /rating, /whois
OPTION COMMANDS: /nick, /avatar, /ignore, /away, /back, /timestamps, /highlight
INFORMATIONAL COMMANDS: /data, /dexsearch, /movesearch, /groups, /faq, /rules, /intro, /formatshelp, /othermetas, /learn, /analysis, /calc (replace / with ! to broadcast. Broadcasting requires: + % @ * # & ~)
For an overview of room commands, use /roomhelp
For details of a specific command, use something like: /help data
|c|☆imkgh|!HELP
COMMANDS: /msg, /reply, /logout, /challenge, /search, /rating, /whois
OPTION COMMANDS: /nick, /avatar, /ignore, /away, /back, /timestamps, /highlight
INFORMATIONAL COMMANDS: /data, /dexsearch, /movesearch, /groups, /faq, /rules, /intro, /formatshelp, /othermetas, /learn, /analysis, /calc (replace / with ! to broadcast. Broadcasting requires: + % @ * # & ~)
For an overview of room commands, use /roomhelp
For details of a specific command, use something like: /help data
|c|+GokuFan420|!help
COMMANDS: /msg, /reply, /logout, /challenge, /search, /rating, /whois
OPTION COMMANDS: /nick, /avatar, /ignore, /away, /back, /timestamps, /highlight
INFORMATIONAL COMMANDS: /data, /dexsearch, /movesearch, /groups, /faq, /rules, /intro, /formatshelp, /othermetas, /learn, /analysis, /calc (replace / with ! to broadcast. Broadcasting requires: + % @ * # & ~)
For an overview of room commands, use /roomhelp
For details of a specific command, use something like: /help data
|c|+DedeleleletWhooop|!help
COMMANDS: /msg, /reply, /logout, /challenge, /search, /rating, /whois
OPTION COMMANDS: /nick, /avatar, /ignore, /away, /back, /timestamps, /highlight
INFORMATIONAL COMMANDS: /data, /dexsearch, /movesearch, /groups, /faq, /rules, /intro, /formatshelp, /othermetas, /learn, /analysis, /calc (replace / with ! to broadcast. Broadcasting requires: + % @ * # & ~)
For an overview of room commands, use /roomhelp
For details of a specific command, use something like: /help data
|c|☆imkgh|!HELP
COMMANDS: /msg, /reply, /logout, /challenge, /search, /rating, /whois
OPTION COMMANDS: /nick, /avatar, /ignore, /away, /back, /timestamps, /highlight
INFORMATIONAL COMMANDS: /data, /dexsearch, /movesearch, /groups, /faq, /rules, /intro, /formatshelp, /othermetas, /learn, /analysis, /calc (replace / with ! to broadcast. Broadcasting requires: + % @ * # & ~)
For an overview of room commands, use /roomhelp
For details of a specific command, use something like: /help data
|c|+GokuFan420|!help
COMMANDS: /msg, /reply, /logout, /challenge, /search, /rating, /whois
OPTION COMMANDS: /nick, /avatar, /ignore, /away, /back, /timestamps, /highlight
INFORMATIONAL COMMANDS: /data, /dexsearch, /movesearch, /groups, /faq, /rules, /intro, /formatshelp, /othermetas, /learn, /analysis, /calc (replace / with ! to broadcast. Broadcasting requires: + % @ * # & ~)
For an overview of room commands, use /roomhelp
For details of a specific command, use something like: /help data
|c|+DedeleleletWhooop|!help
COMMANDS: /msg, /reply, /logout, /challenge, /search, /rating, /whois
OPTION COMMANDS: /nick, /avatar, /ignore, /away, /back, /timestamps, /highlight
INFORMATIONAL COMMANDS: /data, /dexsearch, /movesearch, /groups, /faq, /rules, /intro, /formatshelp, /othermetas, /learn, /analysis, /calc (replace / with ! to broadcast. Broadcasting requires: + % @ * # & ~)
For an overview of room commands, use /roomhelp
For details of a specific command, use something like: /help data
|c|☆imkgh|!HELP
COMMANDS: /msg, /reply, /logout, /challenge, /search, /rating, /whois
OPTION COMMANDS: /nick, /avatar, /ignore, /away, /back, /timestamps, /highlight
INFORMATIONAL COMMANDS: /data, /dexsearch, /movesearch, /groups, /faq, /rules, /intro, /formatshelp, /othermetas, /learn, /analysis, /calc (replace / with ! to broadcast. Broadcasting requires: + % @ * # & ~)
For an overview of room commands, use /roomhelp
For details of a specific command, use something like: /help data
|c|+GokuFan420|!help
COMMANDS: /msg, /reply, /logout, /challenge, /search, /rating, /whois
OPTION COMMANDS: /nick, /avatar, /ignore, /away, /back, /timestamps, /highlight
INFORMATIONAL COMMANDS: /data, /dexsearch, /movesearch, /groups, /faq, /rules, /intro, /formatshelp, /othermetas, /learn, /analysis, /calc (replace / with ! to broadcast. Broadcasting requires: + % @ * # & ~)
For an overview of room commands, use /roomhelp
For details of a specific command, use something like: /help data
|c|+Emperor Wailord|!HELP
COMMANDS: /msg, /reply, /logout, /challenge, /search, /rating, /whois
OPTION COMMANDS: /nick, /avatar, /ignore, /away, /back, /timestamps, /highlight
INFORMATIONAL COMMANDS: /data, /dexsearch, /movesearch, /groups, /faq, /rules, /intro, /formatshelp, /othermetas, /learn, /analysis, /calc (replace / with ! to broadcast. Broadcasting requires: + % @ * # & ~)
For an overview of room commands, use /roomhelp
For details of a specific command, use something like: /help data
|c|☆imkgh|!HELP
COMMANDS: /msg, /reply, /logout, /challenge, /search, /rating, /whois
OPTION COMMANDS: /nick, /avatar, /ignore, /away, /back, /timestamps, /highlight
INFORMATIONAL COMMANDS: /data, /dexsearch, /movesearch, /groups, /faq, /rules, /intro, /formatshelp, /othermetas, /learn, /analysis, /calc (replace / with ! to broadcast. Broadcasting requires: + % @ * # & ~)
For an overview of room commands, use /roomhelp
For details of a specific command, use something like: /help data
|c|+DedeleleletWhooop|!help
COMMANDS: /msg, /reply, /logout, /challenge, /search, /rating, /whois
OPTION COMMANDS: /nick, /avatar, /ignore, /away, /back, /timestamps, /highlight
INFORMATIONAL COMMANDS: /data, /dexsearch, /movesearch, /groups, /faq, /rules, /intro, /formatshelp, /othermetas, /learn, /analysis, /calc (replace / with ! to broadcast. Broadcasting requires: + % @ * # & ~)
For an overview of room commands, use /roomhelp
For details of a specific command, use something like: /help data
|c|+GokuFan420|!help
COMMANDS: /msg, /reply, /logout, /challenge, /search, /rating, /whois
OPTION COMMANDS: /nick, /avatar, /ignore, /away, /back, /timestamps, /highlight
INFORMATIONAL COMMANDS: /data, /dexsearch, /movesearch, /groups, /faq, /rules, /intro, /formatshelp, /othermetas, /learn, /analysis, /calc (replace / with ! to broadcast. Broadcasting requires: + % @ * # & ~)
For an overview of room commands, use /roomhelp
For details of a specific command, use something like: /help data
|c|☆imkgh|!HELP
COMMANDS: /msg, /reply, /logout, /challenge, /search, /rating, /whois
OPTION COMMANDS: /nick, /avatar, /ignore, /away, /back, /timestamps, /highlight
INFORMATIONAL COMMANDS: /data, /dexsearch, /movesearch, /groups, /faq, /rules, /intro, /formatshelp, /othermetas, /learn, /analysis, /calc (replace / with ! to broadcast. Broadcasting requires: + % @ * # & ~)
For an overview of room commands, use /roomhelp
For details of a specific command, use something like: /help data
|c|+DedeleleletWhooop|!help
COMMANDS: /msg, /reply, /logout, /challenge, /search, /rating, /whois
OPTION COMMANDS: /nick, /avatar, /ignore, /away, /back, /timestamps, /highlight
INFORMATIONAL COMMANDS: /data, /dexsearch, /movesearch, /groups, /faq, /rules, /intro, /formatshelp, /othermetas, /learn, /analysis, /calc (replace / with ! to broadcast. Broadcasting requires: + % @ * # & ~)
For an overview of room commands, use /roomhelp
For details of a specific command, use something like: /help data
|c|+GokuFan420|!help
COMMANDS: /msg, /reply, /logout, /challenge, /search, /rating, /whois
OPTION COMMANDS: /nick, /avatar, /ignore, /away, /back, /timestamps, /highlight
INFORMATIONAL COMMANDS: /data, /dexsearch, /movesearch, /groups, /faq, /rules, /intro, /formatshelp, /othermetas, /learn, /analysis, /calc (replace / with ! to broadcast. Broadcasting requires: + % @ * # & ~)
For an overview of room commands, use /roomhelp
For details of a specific command, use something like: /help data
|c|☆imkgh|!HELP
COMMANDS: /msg, /reply, /logout, /challenge, /search, /rating, /whois
OPTION COMMANDS: /nick, /avatar, /ignore, /away, /back, /timestamps, /highlight
INFORMATIONAL COMMANDS: /data, /dexsearch, /movesearch, /groups, /faq, /rules, /intro, /formatshelp, /othermetas, /learn, /analysis, /calc (replace / with ! to broadcast. Broadcasting requires: + % @ * # & ~)
For an overview of room commands, use /roomhelp
For details of a specific command, use something like: /help data
|c|+DedeleleletWhooop|!help
COMMANDS: /msg, /reply, /logout, /challenge, /search, /rating, /whois
OPTION COMMANDS: /nick, /avatar, /ignore, /away, /back, /timestamps, /highlight
INFORMATIONAL COMMANDS: /data, /dexsearch, /movesearch, /groups, /faq, /rules, /intro, /formatshelp, /othermetas, /learn, /analysis, /calc (replace / with ! to broadcast. Broadcasting requires: + % @ * # & ~)
For an overview of room commands, use /roomhelp
For details of a specific command, use something like: /help data
|c|+GokuFan420|!help
COMMANDS: /msg, /reply, /logout, /challenge, /search, /rating, /whois
OPTION COMMANDS: /nick, /avatar, /ignore, /away, /back, /timestamps, /highlight
INFORMATIONAL COMMANDS: /data, /dexsearch, /movesearch, /groups, /faq, /rules, /intro, /formatshelp, /othermetas, /learn, /analysis, /calc (replace / with ! to broadcast. Broadcasting requires: + % @ * # & ~)
For an overview of room commands, use /roomhelp
For details of a specific command, use something like: /help data
|c|☆imkgh|!HELP
COMMANDS: /msg, /reply, /logout, /challenge, /search, /rating, /whois
OPTION COMMANDS: /nick, /avatar, /ignore, /away, /back, /timestamps, /highlight
INFORMATIONAL COMMANDS: /data, /dexsearch, /movesearch, /groups, /faq, /rules, /intro, /formatshelp, /othermetas, /learn, /analysis, /calc (replace / with ! to broadcast. Broadcasting requires: + % @ * # & ~)
For an overview of room commands, use /roomhelp
For details of a specific command, use something like: /help data
|c|+DedeleleletWhooop|!help
COMMANDS: /msg, /reply, /logout, /challenge, /search, /rating, /whois
OPTION COMMANDS: /nick, /avatar, /ignore, /away, /back, /timestamps, /highlight
INFORMATIONAL COMMANDS: /data, /dexsearch, /movesearch, /groups, /faq, /rules, /intro, /formatshelp, /othermetas, /learn, /analysis, /calc (replace / with ! to broadcast. Broadcasting requires: + % @ * # & ~)
For an overview of room commands, use /roomhelp
For details of a specific command, use something like: /help data
|c|+GokuFan420|!help
COMMANDS: /msg, /reply, /logout, /challenge, /search, /rating, /whois
OPTION COMMANDS: /nick, /avatar, /ignore, /away, /back, /timestamps, /highlight
INFORMATIONAL COMMANDS: /data, /dexsearch, /movesearch, /groups, /faq, /rules, /intro, /formatshelp, /othermetas, /learn, /analysis, /calc (replace / with ! to broadcast. Broadcasting requires: + % @ * # & ~)
For an overview of room commands, use /roomhelp
For details of a specific command, use something like: /help data
|c|☆imkgh|!HELP
COMMANDS: /msg, /reply, /logout, /challenge, /search, /rating, /whois
OPTION COMMANDS: /nick, /avatar, /ignore, /away, /back, /timestamps, /highlight
INFORMATIONAL COMMANDS: /data, /dexsearch, /movesearch, /groups, /faq, /rules, /intro, /formatshelp, /othermetas, /learn, /analysis, /calc (replace / with ! to broadcast. Broadcasting requires: + % @ * # & ~)
For an overview of room commands, use /roomhelp
For details of a specific command, use something like: /help data
|c|+DedeleleletWhooop|!help
COMMANDS: /msg, /reply, /logout, /challenge, /search, /rating, /whois
OPTION COMMANDS: /nick, /avatar, /ignore, /away, /back, /timestamps, /highlight
INFORMATIONAL COMMANDS: /data, /dexsearch, /movesearch, /groups, /faq, /rules, /intro, /formatshelp, /othermetas, /learn, /analysis, /calc (replace / with ! to broadcast. Broadcasting requires: + % @ * # & ~)
For an overview of room commands, use /roomhelp
For details of a specific command, use something like: /help data
|c|+GokuFan420|!help
COMMANDS: /msg, /reply, /logout, /challenge, /search, /rating, /whois
OPTION COMMANDS: /nick, /avatar, /ignore, /away, /back, /timestamps, /highlight
INFORMATIONAL COMMANDS: /data, /dexsearch, /movesearch, /groups, /faq, /rules, /intro, /formatshelp, /othermetas, /learn, /analysis, /calc (replace / with ! to broadcast. Broadcasting requires: + % @ * # & ~)
For an overview of room commands, use /roomhelp
For details of a specific command, use something like: /help data
|c|☆imkgh|!HELP
COMMANDS: /msg, /reply, /logout, /challenge, /search, /rating, /whois
OPTION COMMANDS: /nick, /avatar, /ignore, /away, /back, /timestamps, /highlight
INFORMATIONAL COMMANDS: /data, /dexsearch, /movesearch, /groups, /faq, /rules, /intro, /formatshelp, /othermetas, /learn, /analysis, /calc (replace / with ! to broadcast. Broadcasting requires: + % @ * # & ~)
For an overview of room commands, use /roomhelp
For details of a specific command, use something like: /help data
|c|+DedeleleletWhooop|!help
COMMANDS: /msg, /reply, /logout, /challenge, /search, /rating, /whois
OPTION COMMANDS: /nick, /avatar, /ignore, /away, /back, /timestamps, /highlight
INFORMATIONAL COMMANDS: /data, /dexsearch, /movesearch, /groups, /faq, /rules, /intro, /formatshelp, /othermetas, /learn, /analysis, /calc (replace / with ! to broadcast. Broadcasting requires: + % @ * # & ~)
For an overview of room commands, use /roomhelp
For details of a specific command, use something like: /help data
|c|+GokuFan420|!help
COMMANDS: /msg, /reply, /logout, /challenge, /search, /rating, /whois
OPTION COMMANDS: /nick, /avatar, /ignore, /away, /back, /timestamps, /highlight
INFORMATIONAL COMMANDS: /data, /dexsearch, /movesearch, /groups, /faq, /rules, /intro, /formatshelp, /othermetas, /learn, /analysis, /calc (replace / with ! to broadcast. Broadcasting requires: + % @ * # & ~)
For an overview of room commands, use /roomhelp
For details of a specific command, use something like: /help data
|c|☆imkgh|!HELP
COMMANDS: /msg, /reply, /logout, /challenge, /search, /rating, /whois
OPTION COMMANDS: /nick, /avatar, /ignore, /away, /back, /timestamps, /highlight
INFORMATIONAL COMMANDS: /data, /dexsearch, /movesearch, /groups, /faq, /rules, /intro, /formatshelp, /othermetas, /learn, /analysis, /calc (replace / with ! to broadcast. Broadcasting requires: + % @ * # & ~)
For an overview of room commands, use /roomhelp
For details of a specific command, use something like: /help data
|c|+DedeleleletWhooop|!help
COMMANDS: /msg, /reply, /logout, /challenge, /search, /rating, /whois
OPTION COMMANDS: /nick, /avatar, /ignore, /away, /back, /timestamps, /highlight
INFORMATIONAL COMMANDS: /data, /dexsearch, /movesearch, /groups, /faq, /rules, /intro, /formatshelp, /othermetas, /learn, /analysis, /calc (replace / with ! to broadcast. Broadcasting requires: + % @ * # & ~)
For an overview of room commands, use /roomhelp
For details of a specific command, use something like: /help data
|c|+GokuFan420|!help
COMMANDS: /msg, /reply, /logout, /challenge, /search, /rating, /whois
OPTION COMMANDS: /nick, /avatar, /ignore, /away, /back, /timestamps, /highlight
INFORMATIONAL COMMANDS: /data, /dexsearch, /movesearch, /groups, /faq, /rules, /intro, /formatshelp, /othermetas, /learn, /analysis, /calc (replace / with ! to broadcast. Broadcasting requires: + % @ * # & ~)
For an overview of room commands, use /roomhelp
For details of a specific command, use something like: /help data
|c|☆imkgh|!HELP
COMMANDS: /msg, /reply, /logout, /challenge, /search, /rating, /whois
OPTION COMMANDS: /nick, /avatar, /ignore, /away, /back, /timestamps, /highlight
INFORMATIONAL COMMANDS: /data, /dexsearch, /movesearch, /groups, /faq, /rules, /intro, /formatshelp, /othermetas, /learn, /analysis, /calc (replace / with ! to broadcast. Broadcasting requires: + % @ * # & ~)
For an overview of room commands, use /roomhelp
For details of a specific command, use something like: /help data
|c|+DedeleleletWhooop|!help
COMMANDS: /msg, /reply, /logout, /challenge, /search, /rating, /whois
OPTION COMMANDS: /nick, /avatar, /ignore, /away, /back, /timestamps, /highlight
INFORMATIONAL COMMANDS: /data, /dexsearch, /movesearch, /groups, /faq, /rules, /intro, /formatshelp, /othermetas, /learn, /analysis, /calc (replace / with ! to broadcast. Broadcasting requires: + % @ * # & ~)
For an overview of room commands, use /roomhelp
For details of a specific command, use something like: /help data
|c|+GokuFan420|!help
COMMANDS: /msg, /reply, /logout, /challenge, /search, /rating, /whois
OPTION COMMANDS: /nick, /avatar, /ignore, /away, /back, /timestamps, /highlight
INFORMATIONAL COMMANDS: /data, /dexsearch, /movesearch, /groups, /faq, /rules, /intro, /formatshelp, /othermetas, /learn, /analysis, /calc (replace / with ! to broadcast. Broadcasting requires: + % @ * # & ~)
For an overview of room commands, use /roomhelp
For details of a specific command, use something like: /help data
|c|☆imkgh|!HELP
COMMANDS: /msg, /reply, /logout, /challenge, /search, /rating, /whois
OPTION COMMANDS: /nick, /avatar, /ignore, /away, /back, /timestamps, /highlight
INFORMATIONAL COMMANDS: /data, /dexsearch, /movesearch, /groups, /faq, /rules, /intro, /formatshelp, /othermetas, /learn, /analysis, /calc (replace / with ! to broadcast. Broadcasting requires: + % @ * # & ~)
For an overview of room commands, use /roomhelp
For details of a specific command, use something like: /help data
|c|+DedeleleletWhooop|!help
COMMANDS: /msg, /reply, /logout, /challenge, /search, /rating, /whois
OPTION COMMANDS: /nick, /avatar, /ignore, /away, /back, /timestamps, /highlight
INFORMATIONAL COMMANDS: /data, /dexsearch, /movesearch, /groups, /faq, /rules, /intro, /formatshelp, /othermetas, /learn, /analysis, /calc (replace / with ! to broadcast. Broadcasting requires: + % @ * # & ~)
For an overview of room commands, use /roomhelp
For details of a specific command, use something like: /help data
|c|+GokuFan420|!help
COMMANDS: /msg, /reply, /logout, /challenge, /search, /rating, /whois
OPTION COMMANDS: /nick, /avatar, /ignore, /away, /back, /timestamps, /highlight
INFORMATIONAL COMMANDS: /data, /dexsearch, /movesearch, /groups, /faq, /rules, /intro, /formatshelp, /othermetas, /learn, /analysis, /calc (replace / with ! to broadcast. Broadcasting requires: + % @ * # & ~)
For an overview of room commands, use /roomhelp
For details of a specific command, use something like: /help data
|c|☆imkgh|!HELP
COMMANDS: /msg, /reply, /logout, /challenge, /search, /rating, /whois
OPTION COMMANDS: /nick, /avatar, /ignore, /away, /back, /timestamps, /highlight
INFORMATIONAL COMMANDS: /data, /dexsearch, /movesearch, /groups, /faq, /rules, /intro, /formatshelp, /othermetas, /learn, /analysis, /calc (replace / with ! to broadcast. Broadcasting requires: + % @ * # & ~)
For an overview of room commands, use /roomhelp
For details of a specific command, use something like: /help data
|c|+DedeleleletWhooop|!help
COMMANDS: /msg, /reply, /logout, /challenge, /search, /rating, /whois
OPTION COMMANDS: /nick, /avatar, /ignore, /away, /back, /timestamps, /highlight
INFORMATIONAL COMMANDS: /data, /dexsearch, /movesearch, /groups, /faq, /rules, /intro, /formatshelp, /othermetas, /learn, /analysis, /calc (replace / with ! to broadcast. Broadcasting requires: + % @ * # & ~)
For an overview of room commands, use /roomhelp
For details of a specific command, use something like: /help data
|c|+GokuFan420|!help
COMMANDS: /msg, /reply, /logout, /challenge, /search, /rating, /whois
OPTION COMMANDS: /nick, /avatar, /ignore, /away, /back, /timestamps, /highlight
INFORMATIONAL COMMANDS: /data, /dexsearch, /movesearch, /groups, /faq, /rules, /intro, /formatshelp, /othermetas, /learn, /analysis, /calc (replace / with ! to broadcast. Broadcasting requires: + % @ * # & ~)
For an overview of room commands, use /roomhelp
For details of a specific command, use something like: /help data
|c|☆imkgh|!HELP
COMMANDS: /msg, /reply, /logout, /challenge, /search, /rating, /whois
OPTION COMMANDS: /nick, /avatar, /ignore, /away, /back, /timestamps, /highlight
INFORMATIONAL COMMANDS: /data, /dexsearch, /movesearch, /groups, /faq, /rules, /intro, /formatshelp, /othermetas, /learn, /analysis, /calc (replace / with ! to broadcast. Broadcasting requires: + % @ * # & ~)
For an overview of room commands, use /roomhelp
For details of a specific command, use something like: /help data
|c|+DedeleleletWhooop|!help
COMMANDS: /msg, /reply, /logout, /challenge, /search, /rating, /whois
OPTION COMMANDS: /nick, /avatar, /ignore, /away, /back, /timestamps, /highlight
INFORMATIONAL COMMANDS: /data, /dexsearch, /movesearch, /groups, /faq, /rules, /intro, /formatshelp, /othermetas, /learn, /analysis, /calc (replace / with ! to broadcast. Broadcasting requires: + % @ * # & ~)
For an overview of room commands, use /roomhelp
For details of a specific command, use something like: /help data
|c|+GokuFan420|!help
COMMANDS: /msg, /reply, /logout, /challenge, /search, /rating, /whois
OPTION COMMANDS: /nick, /avatar, /ignore, /away, /back, /timestamps, /highlight
INFORMATIONAL COMMANDS: /data, /dexsearch, /movesearch, /groups, /faq, /rules, /intro, /formatshelp, /othermetas, /learn, /analysis, /calc (replace / with ! to broadcast. Broadcasting requires: + % @ * # & ~)
For an overview of room commands, use /roomhelp
For details of a specific command, use something like: /help data
|c|☆imkgh|!HELP
COMMANDS: /msg, /reply, /logout, /challenge, /search, /rating, /whois
OPTION COMMANDS: /nick, /avatar, /ignore, /away, /back, /timestamps, /highlight
INFORMATIONAL COMMANDS: /data, /dexsearch, /movesearch, /groups, /faq, /rules, /intro, /formatshelp, /othermetas, /learn, /analysis, /calc (replace / with ! to broadcast. Broadcasting requires: + % @ * # & ~)
For an overview of room commands, use /roomhelp
For details of a specific command, use something like: /help data
|c|+DedeleleletWhooop|!help
COMMANDS: /msg, /reply, /logout, /challenge, /search, /rating, /whois
OPTION COMMANDS: /nick, /avatar, /ignore, /away, /back, /timestamps, /highlight
INFORMATIONAL COMMANDS: /data, /dexsearch, /movesearch, /groups, /faq, /rules, /intro, /formatshelp, /othermetas, /learn, /analysis, /calc (replace / with ! to broadcast. Broadcasting requires: + % @ * # & ~)
For an overview of room commands, use /roomhelp
For details of a specific command, use something like: /help data
|c|+GokuFan420|!help
COMMANDS: /msg, /reply, /logout, /challenge, /search, /rating, /whois
OPTION COMMANDS: /nick, /avatar, /ignore, /away, /back, /timestamps, /highlight
INFORMATIONAL COMMANDS: /data, /dexsearch, /movesearch, /groups, /faq, /rules, /intro, /formatshelp, /othermetas, /learn, /analysis, /calc (replace / with ! to broadcast. Broadcasting requires: + % @ * # & ~)
For an overview of room commands, use /roomhelp
For details of a specific command, use something like: /help data
|c|☆imkgh|!HELP
COMMANDS: /msg, /reply, /logout, /challenge, /search, /rating, /whois
OPTION COMMANDS: /nick, /avatar, /ignore, /away, /back, /timestamps, /highlight
INFORMATIONAL COMMANDS: /data, /dexsearch, /movesearch, /groups, /faq, /rules, /intro, /formatshelp, /othermetas, /learn, /analysis, /calc (replace / with ! to broadcast. Broadcasting requires: + % @ * # & ~)
For an overview of room commands, use /roomhelp
For details of a specific command, use something like: /help data
|c|+GokuFan420|!help
COMMANDS: /msg, /reply, /logout, /challenge, /search, /rating, /whois
OPTION COMMANDS: /nick, /avatar, /ignore, /away, /back, /timestamps, /highlight
INFORMATIONAL COMMANDS: /data, /dexsearch, /movesearch, /groups, /faq, /rules, /intro, /formatshelp, /othermetas, /learn, /analysis, /calc (replace / with ! to broadcast. Broadcasting requires: + % @ * # & ~)
For an overview of room commands, use /roomhelp
For details of a specific command, use something like: /help data
|c|☆imkgh|!HELP
COMMANDS: /msg, /reply, /logout, /challenge, /search, /rating, /whois
OPTION COMMANDS: /nick, /avatar, /ignore, /away, /back, /timestamps, /highlight
INFORMATIONAL COMMANDS: /data, /dexsearch, /movesearch, /groups, /faq, /rules, /intro, /formatshelp, /othermetas, /learn, /analysis, /calc (replace / with ! to broadcast. Broadcasting requires: + % @ * # & ~)
For an overview of room commands, use /roomhelp
For details of a specific command, use something like: /help data
|c|+DedeleleletWhooop|!help
COMMANDS: /msg, /reply, /logout, /challenge, /search, /rating, /whois
OPTION COMMANDS: /nick, /avatar, /ignore, /away, /back, /timestamps, /highlight
INFORMATIONAL COMMANDS: /data, /dexsearch, /movesearch, /groups, /faq, /rules, /intro, /formatshelp, /othermetas, /learn, /analysis, /calc (replace / with ! to broadcast. Broadcasting requires: + % @ * # & ~)
For an overview of room commands, use /roomhelp
For details of a specific command, use something like: /help data
|c|+GokuFan420|!help
COMMANDS: /msg, /reply, /logout, /challenge, /search, /rating, /whois
OPTION COMMANDS: /nick, /avatar, /ignore, /away, /back, /timestamps, /highlight
INFORMATIONAL COMMANDS: /data, /dexsearch, /movesearch, /groups, /faq, /rules, /intro, /formatshelp, /othermetas, /learn, /analysis, /calc (replace / with ! to broadcast. Broadcasting requires: + % @ * # & ~)
For an overview of room commands, use /roomhelp
For details of a specific command, use something like: /help data
|c|☆imkgh|!HELP
COMMANDS: /msg, /reply, /logout, /challenge, /search, /rating, /whois
OPTION COMMANDS: /nick, /avatar, /ignore, /away, /back, /timestamps, /highlight
INFORMATIONAL COMMANDS: /data, /dexsearch, /movesearch, /groups, /faq, /rules, /intro, /formatshelp, /othermetas, /learn, /analysis, /calc (replace / with ! to broadcast. Broadcasting requires: + % @ * # & ~)
For an overview of room commands, use /roomhelp
For details of a specific command, use something like: /help data
|c|+DedeleleletWhooop|!help
COMMANDS: /msg, /reply, /logout, /challenge, /search, /rating, /whois
OPTION COMMANDS: /nick, /avatar, /ignore, /away, /back, /timestamps, /highlight
INFORMATIONAL COMMANDS: /data, /dexsearch, /movesearch, /groups, /faq, /rules, /intro, /formatshelp, /othermetas, /learn, /analysis, /calc (replace / with ! to broadcast. Broadcasting requires: + % @ * # & ~)
For an overview of room commands, use /roomhelp
For details of a specific command, use something like: /help data
|c|+GokuFan420|!help
COMMANDS: /msg, /reply, /logout, /challenge, /search, /rating, /whois
OPTION COMMANDS: /nick, /avatar, /ignore, /away, /back, /timestamps, /highlight
INFORMATIONAL COMMANDS: /data, /dexsearch, /movesearch, /groups, /faq, /rules, /intro, /formatshelp, /othermetas, /learn, /analysis, /calc (replace / with ! to broadcast. Broadcasting requires: + % @ * # & ~)
For an overview of room commands, use /roomhelp
For details of a specific command, use something like: /help data
|c|☆imkgh|!HELP
COMMANDS: /msg, /reply, /logout, /challenge, /search, /rating, /whois
OPTION COMMANDS: /nick, /avatar, /ignore, /away, /back, /timestamps, /highlight
INFORMATIONAL COMMANDS: /data, /dexsearch, /movesearch, /groups, /faq, /rules, /intro, /formatshelp, /othermetas, /learn, /analysis, /calc (replace / with ! to broadcast. Broadcasting requires: + % @ * # & ~)
For an overview of room commands, use /roomhelp
For details of a specific command, use something like: /help data
|c|+DedeleleletWhooop|!help
COMMANDS: /msg, /reply, /logout, /challenge, /search, /rating, /whois
OPTION COMMANDS: /nick, /avatar, /ignore, /away, /back, /timestamps, /highlight
INFORMATIONAL COMMANDS: /data, /dexsearch, /movesearch, /groups, /faq, /rules, /intro, /formatshelp, /othermetas, /learn, /analysis, /calc (replace / with ! to broadcast. Broadcasting requires: + % @ * # & ~)
For an overview of room commands, use /roomhelp
For details of a specific command, use something like: /help data
|c|+GokuFan420|!help
COMMANDS: /msg, /reply, /logout, /challenge, /search, /rating, /whois
OPTION COMMANDS: /nick, /avatar, /ignore, /away, /back, /timestamps, /highlight
INFORMATIONAL COMMANDS: /data, /dexsearch, /movesearch, /groups, /faq, /rules, /intro, /formatshelp, /othermetas, /learn, /analysis, /calc (replace / with ! to broadcast. Broadcasting requires: + % @ * # & ~)
For an overview of room commands, use /roomhelp
For details of a specific command, use something like: /help data
|c|☆imkgh|!HELP
COMMANDS: /msg, /reply, /logout, /challenge, /search, /rating, /whois
OPTION COMMANDS: /nick, /avatar, /ignore, /away, /back, /timestamps, /highlight
INFORMATIONAL COMMANDS: /data, /dexsearch, /movesearch, /groups, /faq, /rules, /intro, /formatshelp, /othermetas, /learn, /analysis, /calc (replace / with ! to broadcast. Broadcasting requires: + % @ * # & ~)
For an overview of room commands, use /roomhelp
For details of a specific command, use something like: /help data
|c|+DedeleleletWhooop|!help
COMMANDS: /msg, /reply, /logout, /challenge, /search, /rating, /whois
OPTION COMMANDS: /nick, /avatar, /ignore, /away, /back, /timestamps, /highlight
INFORMATIONAL COMMANDS: /data, /dexsearch, /movesearch, /groups, /faq, /rules, /intro, /formatshelp, /othermetas, /learn, /analysis, /calc (replace / with ! to broadcast. Broadcasting requires: + % @ * # & ~)
For an overview of room commands, use /roomhelp
For details of a specific command, use something like: /help data
|c|+GokuFan420|!help
COMMANDS: /msg, /reply, /logout, /challenge, /search, /rating, /whois
OPTION COMMANDS: /nick, /avatar, /ignore, /away, /back, /timestamps, /highlight
INFORMATIONAL COMMANDS: /data, /dexsearch, /movesearch, /groups, /faq, /rules, /intro, /formatshelp, /othermetas, /learn, /analysis, /calc (replace / with ! to broadcast. Broadcasting requires: + % @ * # & ~)
For an overview of room commands, use /roomhelp
For details of a specific command, use something like: /help data
|c|☆imkgh|!HELP
COMMANDS: /msg, /reply, /logout, /challenge, /search, /rating, /whois
OPTION COMMANDS: /nick, /avatar, /ignore, /away, /back, /timestamps, /highlight
INFORMATIONAL COMMANDS: /data, /dexsearch, /movesearch, /groups, /faq, /rules, /intro, /formatshelp, /othermetas, /learn, /analysis, /calc (replace / with ! to broadcast. Broadcasting requires: + % @ * # & ~)
For an overview of room commands, use /roomhelp
For details of a specific command, use something like: /help data
|c|+DedeleleletWhooop|!help
COMMANDS: /msg, /reply, /logout, /challenge, /search, /rating, /whois
OPTION COMMANDS: /nick, /avatar, /ignore, /away, /back, /timestamps, /highlight
INFORMATIONAL COMMANDS: /data, /dexsearch, /movesearch, /groups, /faq, /rules, /intro, /formatshelp, /othermetas, /learn, /analysis, /calc (replace / with ! to broadcast. Broadcasting requires: + % @ * # & ~)
For an overview of room commands, use /roomhelp
For details of a specific command, use something like: /help data
|c|+GokuFan420|!help
COMMANDS: /msg, /reply, /logout, /challenge, /search, /rating, /whois
OPTION COMMANDS: /nick, /avatar, /ignore, /away, /back, /timestamps, /highlight
INFORMATIONAL COMMANDS: /data, /dexsearch, /movesearch, /groups, /faq, /rules, /intro, /formatshelp, /othermetas, /learn, /analysis, /calc (replace / with ! to broadcast. Broadcasting requires: + % @ * # & ~)
For an overview of room commands, use /roomhelp
For details of a specific command, use something like: /help data
|c|☆imkgh|!HELP
COMMANDS: /msg, /reply, /logout, /challenge, /search, /rating, /whois
OPTION COMMANDS: /nick, /avatar, /ignore, /away, /back, /timestamps, /highlight
INFORMATIONAL COMMANDS: /data, /dexsearch, /movesearch, /groups, /faq, /rules, /intro, /formatshelp, /othermetas, /learn, /analysis, /calc (replace / with ! to broadcast. Broadcasting requires: + % @ * # & ~)
For an overview of room commands, use /roomhelp
For details of a specific command, use something like: /help data
|c|+DedeleleletWhooop|!help
COMMANDS: /msg, /reply, /logout, /challenge, /search, /rating, /whois
OPTION COMMANDS: /nick, /avatar, /ignore, /away, /back, /timestamps, /highlight
INFORMATIONAL COMMANDS: /data, /dexsearch, /movesearch, /groups, /faq, /rules, /intro, /formatshelp, /othermetas, /learn, /analysis, /calc (replace / with ! to broadcast. Broadcasting requires: + % @ * # & ~)
For an overview of room commands, use /roomhelp
For details of a specific command, use something like: /help data
|c|+GokuFan420|!help
COMMANDS: /msg, /reply, /logout, /challenge, /search, /rating, /whois
OPTION COMMANDS: /nick, /avatar, /ignore, /away, /back, /timestamps, /highlight
INFORMATIONAL COMMANDS: /data, /dexsearch, /movesearch, /groups, /faq, /rules, /intro, /formatshelp, /othermetas, /learn, /analysis, /calc (replace / with ! to broadcast. Broadcasting requires: + % @ * # & ~)
For an overview of room commands, use /roomhelp
For details of a specific command, use something like: /help data
|c|☆imkgh|!HELP
COMMANDS: /msg, /reply, /logout, /challenge, /search, /rating, /whois
OPTION COMMANDS: /nick, /avatar, /ignore, /away, /back, /timestamps, /highlight
INFORMATIONAL COMMANDS: /data, /dexsearch, /movesearch, /groups, /faq, /rules, /intro, /formatshelp, /othermetas, /learn, /analysis, /calc (replace / with ! to broadcast. Broadcasting requires: + % @ * # & ~)
For an overview of room commands, use /roomhelp
For details of a specific command, use something like: /help data
|c|+DedeleleletWhooop|!help
COMMANDS: /msg, /reply, /logout, /challenge, /search, /rating, /whois
OPTION COMMANDS: /nick, /avatar, /ignore, /away, /back, /timestamps, /highlight
INFORMATIONAL COMMANDS: /data, /dexsearch, /movesearch, /groups, /faq, /rules, /intro, /formatshelp, /othermetas, /learn, /analysis, /calc (replace / with ! to broadcast. Broadcasting requires: + % @ * # & ~)
For an overview of room commands, use /roomhelp
For details of a specific command, use something like: /help data
|c|+GokuFan420|!help
COMMANDS: /msg, /reply, /logout, /challenge, /search, /rating, /whois
OPTION COMMANDS: /nick, /avatar, /ignore, /away, /back, /timestamps, /highlight
INFORMATIONAL COMMANDS: /data, /dexsearch, /movesearch, /groups, /faq, /rules, /intro, /formatshelp, /othermetas, /learn, /analysis, /calc (replace / with ! to broadcast. Broadcasting requires: + % @ * # & ~)
For an overview of room commands, use /roomhelp
For details of a specific command, use something like: /help data
|c|☆imkgh|!HELP
COMMANDS: /msg, /reply, /logout, /challenge, /search, /rating, /whois
OPTION COMMANDS: /nick, /avatar, /ignore, /away, /back, /timestamps, /highlight
INFORMATIONAL COMMANDS: /data, /dexsearch, /movesearch, /groups, /faq, /rules, /intro, /formatshelp, /othermetas, /learn, /analysis, /calc (replace / with ! to broadcast. Broadcasting requires: + % @ * # & ~)
For an overview of room commands, use /roomhelp
For details of a specific command, use something like: /help data
|c|+DedeleleletWhooop|!help
COMMANDS: /msg, /reply, /logout, /challenge, /search, /rating, /whois
OPTION COMMANDS: /nick, /avatar, /ignore, /away, /back, /timestamps, /highlight
INFORMATIONAL COMMANDS: /data, /dexsearch, /movesearch, /groups, /faq, /rules, /intro, /formatshelp, /othermetas, /learn, /analysis, /calc (replace / with ! to broadcast. Broadcasting requires: + % @ * # & ~)
For an overview of room commands, use /roomhelp
For details of a specific command, use something like: /help data
|c|+GokuFan420|!help
COMMANDS: /msg, /reply, /logout, /challenge, /search, /rating, /whois
OPTION COMMANDS: /nick, /avatar, /ignore, /away, /back, /timestamps, /highlight
INFORMATIONAL COMMANDS: /data, /dexsearch, /movesearch, /groups, /faq, /rules, /intro, /formatshelp, /othermetas, /learn, /analysis, /calc (replace / with ! to broadcast. Broadcasting requires: + % @ * # & ~)
For an overview of room commands, use /roomhelp
For details of a specific command, use something like: /help data
|c|☆imkgh|!HELP
COMMANDS: /msg, /reply, /logout, /challenge, /search, /rating, /whois
OPTION COMMANDS: /nick, /avatar, /ignore, /away, /back, /timestamps, /highlight
INFORMATIONAL COMMANDS: /data, /dexsearch, /movesearch, /groups, /faq, /rules, /intro, /formatshelp, /othermetas, /learn, /analysis, /calc (replace / with ! to broadcast. Broadcasting requires: + % @ * # & ~)
For an overview of room commands, use /roomhelp
For details of a specific command, use something like: /help data
|c|+DedeleleletWhooop|!help
COMMANDS: /msg, /reply, /logout, /challenge, /search, /rating, /whois
OPTION COMMANDS: /nick, /avatar, /ignore, /away, /back, /timestamps, /highlight
INFORMATIONAL COMMANDS: /data, /dexsearch, /movesearch, /groups, /faq, /rules, /intro, /formatshelp, /othermetas, /learn, /analysis, /calc (replace / with ! to broadcast. Broadcasting requires: + % @ * # & ~)
For an overview of room commands, use /roomhelp
For details of a specific command, use something like: /help data
|c|+GokuFan420|!help
COMMANDS: /msg, /reply, /logout, /challenge, /search, /rating, /whois
OPTION COMMANDS: /nick, /avatar, /ignore, /away, /back, /timestamps, /highlight
INFORMATIONAL COMMANDS: /data, /dexsearch, /movesearch, /groups, /faq, /rules, /intro, /formatshelp, /othermetas, /learn, /analysis, /calc (replace / with ! to broadcast. Broadcasting requires: + % @ * # & ~)
For an overview of room commands, use /roomhelp
For details of a specific command, use something like: /help data
|c|☆imkgh|!HELP
COMMANDS: /msg, /reply, /logout, /challenge, /search, /rating, /whois
OPTION COMMANDS: /nick, /avatar, /ignore, /away, /back, /timestamps, /highlight
INFORMATIONAL COMMANDS: /data, /dexsearch, /movesearch, /groups, /faq, /rules, /intro, /formatshelp, /othermetas, /learn, /analysis, /calc (replace / with ! to broadcast. Broadcasting requires: + % @ * # & ~)
For an overview of room commands, use /roomhelp
For details of a specific command, use something like: /help data
|c|+DedeleleletWhooop|!help
COMMANDS: /msg, /reply, /logout, /challenge, /search, /rating, /whois
OPTION COMMANDS: /nick, /avatar, /ignore, /away, /back, /timestamps, /highlight
INFORMATIONAL COMMANDS: /data, /dexsearch, /movesearch, /groups, /faq, /rules, /intro, /formatshelp, /othermetas, /learn, /analysis, /calc (replace / with ! to broadcast. Broadcasting requires: + % @ * # & ~)
For an overview of room commands, use /roomhelp
For details of a specific command, use something like: /help data
|c|+GokuFan420|!help
COMMANDS: /msg, /reply, /logout, /challenge, /search, /rating, /whois
OPTION COMMANDS: /nick, /avatar, /ignore, /away, /back, /timestamps, /highlight
INFORMATIONAL COMMANDS: /data, /dexsearch, /movesearch, /groups, /faq, /rules, /intro, /formatshelp, /othermetas, /learn, /analysis, /calc (replace / with ! to broadcast. Broadcasting requires: + % @ * # & ~)
For an overview of room commands, use /roomhelp
For details of a specific command, use something like: /help data
|c|☆imkgh|!HELP
COMMANDS: /msg, /reply, /logout, /challenge, /search, /rating, /whois
OPTION COMMANDS: /nick, /avatar, /ignore, /away, /back, /timestamps, /highlight
INFORMATIONAL COMMANDS: /data, /dexsearch, /movesearch, /groups, /faq, /rules, /intro, /formatshelp, /othermetas, /learn, /analysis, /calc (replace / with ! to broadcast. Broadcasting requires: + % @ * # & ~)
For an overview of room commands, use /roomhelp
For details of a specific command, use something like: /help data
|c|+GokuFan420|!help
COMMANDS: /msg, /reply, /logout, /challenge, /search, /rating, /whois
OPTION COMMANDS: /nick, /avatar, /ignore, /away, /back, /timestamps, /highlight
INFORMATIONAL COMMANDS: /data, /dexsearch, /movesearch, /groups, /faq, /rules, /intro, /formatshelp, /othermetas, /learn, /analysis, /calc (replace / with ! to broadcast. Broadcasting requires: + % @ * # & ~)
For an overview of room commands, use /roomhelp
For details of a specific command, use something like: /help data
|c|+DedeleleletWhooop|!help
COMMANDS: /msg, /reply, /logout, /challenge, /search, /rating, /whois
OPTION COMMANDS: /nick, /avatar, /ignore, /away, /back, /timestamps, /highlight
INFORMATIONAL COMMANDS: /data, /dexsearch, /movesearch, /groups, /faq, /rules, /intro, /formatshelp, /othermetas, /learn, /analysis, /calc (replace / with ! to broadcast. Broadcasting requires: + % @ * # & ~)
For an overview of room commands, use /roomhelp
For details of a specific command, use something like: /help data
|c|☆imkgh|!HELP
COMMANDS: /msg, /reply, /logout, /challenge, /search, /rating, /whois
OPTION COMMANDS: /nick, /avatar, /ignore, /away, /back, /timestamps, /highlight
INFORMATIONAL COMMANDS: /data, /dexsearch, /movesearch, /groups, /faq, /rules, /intro, /formatshelp, /othermetas, /learn, /analysis, /calc (replace / with ! to broadcast. Broadcasting requires: + % @ * # & ~)
For an overview of room commands, use /roomhelp
For details of a specific command, use something like: /help data
|c|+GokuFan420|!help
COMMANDS: /msg, /reply, /logout, /challenge, /search, /rating, /whois
OPTION COMMANDS: /nick, /avatar, /ignore, /away, /back, /timestamps, /highlight
INFORMATIONAL COMMANDS: /data, /dexsearch, /movesearch, /groups, /faq, /rules, /intro, /formatshelp, /othermetas, /learn, /analysis, /calc (replace / with ! to broadcast. Broadcasting requires: + % @ * # & ~)
For an overview of room commands, use /roomhelp
For details of a specific command, use something like: /help data
|c|☆imkgh|!HELP
COMMANDS: /msg, /reply, /logout, /challenge, /search, /rating, /whois
OPTION COMMANDS: /nick, /avatar, /ignore, /away, /back, /timestamps, /highlight
INFORMATIONAL COMMANDS: /data, /dexsearch, /movesearch, /groups, /faq, /rules, /intro, /formatshelp, /othermetas, /learn, /analysis, /calc (replace / with ! to broadcast. Broadcasting requires: + % @ * # & ~)
For an overview of room commands, use /roomhelp
For details of a specific command, use something like: /help data
|c|+GokuFan420|!help
COMMANDS: /msg, /reply, /logout, /challenge, /search, /rating, /whois
OPTION COMMANDS: /nick, /avatar, /ignore, /away, /back, /timestamps, /highlight
INFORMATIONAL COMMANDS: /data, /dexsearch, /movesearch, /groups, /faq, /rules, /intro, /formatshelp, /othermetas, /learn, /analysis, /calc (replace / with ! to broadcast. Broadcasting requires: + % @ * # & ~)
For an overview of room commands, use /roomhelp
For details of a specific command, use something like: /help data
|c|☆imkgh|!HELP
COMMANDS: /msg, /reply, /logout, /challenge, /search, /rating, /whois
OPTION COMMANDS: /nick, /avatar, /ignore, /away, /back, /timestamps, /highlight
INFORMATIONAL COMMANDS: /data, /dexsearch, /movesearch, /groups, /faq, /rules, /intro, /formatshelp, /othermetas, /learn, /analysis, /calc (replace / with ! to broadcast. Broadcasting requires: + % @ * # & ~)
For an overview of room commands, use /roomhelp
For details of a specific command, use something like: /help data
|c|+GokuFan420|!help
COMMANDS: /msg, /reply, /logout, /challenge, /search, /rating, /whois
OPTION COMMANDS: /nick, /avatar, /ignore, /away, /back, /timestamps, /highlight
INFORMATIONAL COMMANDS: /data, /dexsearch, /movesearch, /groups, /faq, /rules, /intro, /formatshelp, /othermetas, /learn, /analysis, /calc (replace / with ! to broadcast. Broadcasting requires: + % @ * # & ~)
For an overview of room commands, use /roomhelp
For details of a specific command, use something like: /help data
|c|☆imkgh|!HELP
COMMANDS: /msg, /reply, /logout, /challenge, /search, /rating, /whois
OPTION COMMANDS: /nick, /avatar, /ignore, /away, /back, /timestamps, /highlight
INFORMATIONAL COMMANDS: /data, /dexsearch, /movesearch, /groups, /faq, /rules, /intro, /formatshelp, /othermetas, /learn, /analysis, /calc (replace / with ! to broadcast. Broadcasting requires: + % @ * # & ~)
For an overview of room commands, use /roomhelp
For details of a specific command, use something like: /help data
|c|+GokuFan420|!help
COMMANDS: /msg, /reply, /logout, /challenge, /search, /rating, /whois
OPTION COMMANDS: /nick, /avatar, /ignore, /away, /back, /timestamps, /highlight
INFORMATIONAL COMMANDS: /data, /dexsearch, /movesearch, /groups, /faq, /rules, /intro, /formatshelp, /othermetas, /learn, /analysis, /calc (replace / with ! to broadcast. Broadcasting requires: + % @ * # & ~)
For an overview of room commands, use /roomhelp
For details of a specific command, use something like: /help data
|c|☆imkgh|!HELP
COMMANDS: /msg, /reply, /logout, /challenge, /search, /rating, /whois
OPTION COMMANDS: /nick, /avatar, /ignore, /away, /back, /timestamps, /highlight
INFORMATIONAL COMMANDS: /data, /dexsearch, /movesearch, /groups, /faq, /rules, /intro, /formatshelp, /othermetas, /learn, /analysis, /calc (replace / with ! to broadcast. Broadcasting requires: + % @ * # & ~)
For an overview of room commands, use /roomhelp
For details of a specific command, use something like: /help data
|c|+GokuFan420|!help
COMMANDS: /msg, /reply, /logout, /challenge, /search, /rating, /whois
OPTION COMMANDS: /nick, /avatar, /ignore, /away, /back, /timestamps, /highlight
INFORMATIONAL COMMANDS: /data, /dexsearch, /movesearch, /groups, /faq, /rules, /intro, /formatshelp, /othermetas, /learn, /analysis, /calc (replace / with ! to broadcast. Broadcasting requires: + % @ * # & ~)
For an overview of room commands, use /roomhelp
For details of a specific command, use something like: /help data
|c|☆imkgh|!HELP
COMMANDS: /msg, /reply, /logout, /challenge, /search, /rating, /whois
OPTION COMMANDS: /nick, /avatar, /ignore, /away, /back, /timestamps, /highlight
INFORMATIONAL COMMANDS: /data, /dexsearch, /movesearch, /groups, /faq, /rules, /intro, /formatshelp, /othermetas, /learn, /analysis, /calc (replace / with ! to broadcast. Broadcasting requires: + % @ * # & ~)
For an overview of room commands, use /roomhelp
For details of a specific command, use something like: /help data
|c|+GokuFan420|!help
COMMANDS: /msg, /reply, /logout, /challenge, /search, /rating, /whois
OPTION COMMANDS: /nick, /avatar, /ignore, /away, /back, /timestamps, /highlight
INFORMATIONAL COMMANDS: /data, /dexsearch, /movesearch, /groups, /faq, /rules, /intro, /formatshelp, /othermetas, /learn, /analysis, /calc (replace / with ! to broadcast. Broadcasting requires: + % @ * # & ~)
For an overview of room commands, use /roomhelp
For details of a specific command, use something like: /help data
|c|☆imkgh|!HELP
COMMANDS: /msg, /reply, /logout, /challenge, /search, /rating, /whois
OPTION COMMANDS: /nick, /avatar, /ignore, /away, /back, /timestamps, /highlight
INFORMATIONAL COMMANDS: /data, /dexsearch, /movesearch, /groups, /faq, /rules, /intro, /formatshelp, /othermetas, /learn, /analysis, /calc (replace / with ! to broadcast. Broadcasting requires: + % @ * # & ~)
For an overview of room commands, use /roomhelp
For details of a specific command, use something like: /help data
|c|+GokuFan420|!help
COMMANDS: /msg, /reply, /logout, /challenge, /search, /rating, /whois
OPTION COMMANDS: /nick, /avatar, /ignore, /away, /back, /timestamps, /highlight
INFORMATIONAL COMMANDS: /data, /dexsearch, /movesearch, /groups, /faq, /rules, /intro, /formatshelp, /othermetas, /learn, /analysis, /calc (replace / with ! to broadcast. Broadcasting requires: + % @ * # & ~)
For an overview of room commands, use /roomhelp
For details of a specific command, use something like: /help data
|c|☆imkgh|!HELP
COMMANDS: /msg, /reply, /logout, /challenge, /search, /rating, /whois
OPTION COMMANDS: /nick, /avatar, /ignore, /away, /back, /timestamps, /highlight
INFORMATIONAL COMMANDS: /data, /dexsearch, /movesearch, /groups, /faq, /rules, /intro, /formatshelp, /othermetas, /learn, /analysis, /calc (replace / with ! to broadcast. Broadcasting requires: + % @ * # & ~)
For an overview of room commands, use /roomhelp
For details of a specific command, use something like: /help data
|c|+GokuFan420|!help
COMMANDS: /msg, /reply, /logout, /challenge, /search, /rating, /whois
OPTION COMMANDS: /nick, /avatar, /ignore, /away, /back, /timestamps, /highlight
INFORMATIONAL COMMANDS: /data, /dexsearch, /movesearch, /groups, /faq, /rules, /intro, /formatshelp, /othermetas, /learn, /analysis, /calc (replace / with ! to broadcast. Broadcasting requires: + % @ * # & ~)
For an overview of room commands, use /roomhelp
For details of a specific command, use something like: /help data
|c|☆imkgh|!HELP
COMMANDS: /msg, /reply, /logout, /challenge, /search, /rating, /whois
OPTION COMMANDS: /nick, /avatar, /ignore, /away, /back, /timestamps, /highlight
INFORMATIONAL COMMANDS: /data, /dexsearch, /movesearch, /groups, /faq, /rules, /intro, /formatshelp, /othermetas, /learn, /analysis, /calc (replace / with ! to broadcast. Broadcasting requires: + % @ * # & ~)
For an overview of room commands, use /roomhelp
For details of a specific command, use something like: /help data
|c|+GokuFan420|!help
COMMANDS: /msg, /reply, /logout, /challenge, /search, /rating, /whois
OPTION COMMANDS: /nick, /avatar, /ignore, /away, /back, /timestamps, /highlight
INFORMATIONAL COMMANDS: /data, /dexsearch, /movesearch, /groups, /faq, /rules, /intro, /formatshelp, /othermetas, /learn, /analysis, /calc (replace / with ! to broadcast. Broadcasting requires: + % @ * # & ~)
For an overview of room commands, use /roomhelp
For details of a specific command, use something like: /help data
|c|☆imkgh|!HELP
COMMANDS: /msg, /reply, /logout, /challenge, /search, /rating, /whois
OPTION COMMANDS: /nick, /avatar, /ignore, /away, /back, /timestamps, /highlight
INFORMATIONAL COMMANDS: /data, /dexsearch, /movesearch, /groups, /faq, /rules, /intro, /formatshelp, /othermetas, /learn, /analysis, /calc (replace / with ! to broadcast. Broadcasting requires: + % @ * # & ~)
For an overview of room commands, use /roomhelp
For details of a specific command, use something like: /help data
|c|+GokuFan420|!help
COMMANDS: /msg, /reply, /logout, /challenge, /search, /rating, /whois
OPTION COMMANDS: /nick, /avatar, /ignore, /away, /back, /timestamps, /highlight
INFORMATIONAL COMMANDS: /data, /dexsearch, /movesearch, /groups, /faq, /rules, /intro, /formatshelp, /othermetas, /learn, /analysis, /calc (replace / with ! to broadcast. Broadcasting requires: + % @ * # & ~)
For an overview of room commands, use /roomhelp
For details of a specific command, use something like: /help data
|c|☆imkgh|!HELP
COMMANDS: /msg, /reply, /logout, /challenge, /search, /rating, /whois
OPTION COMMANDS: /nick, /avatar, /ignore, /away, /back, /timestamps, /highlight
INFORMATIONAL COMMANDS: /data, /dexsearch, /movesearch, /groups, /faq, /rules, /intro, /formatshelp, /othermetas, /learn, /analysis, /calc (replace / with ! to broadcast. Broadcasting requires: + % @ * # & ~)
For an overview of room commands, use /roomhelp
For details of a specific command, use something like: /help data
|c|+GokuFan420|!help
COMMANDS: /msg, /reply, /logout, /challenge, /search, /rating, /whois
OPTION COMMANDS: /nick, /avatar, /ignore, /away, /back, /timestamps, /highlight
INFORMATIONAL COMMANDS: /data, /dexsearch, /movesearch, /groups, /faq, /rules, /intro, /formatshelp, /othermetas, /learn, /analysis, /calc (replace / with ! to broadcast. Broadcasting requires: + % @ * # & ~)
For an overview of room commands, use /roomhelp
For details of a specific command, use something like: /help data
|c|☆imkgh|!HELP
COMMANDS: /msg, /reply, /logout, /challenge, /search, /rating, /whois
OPTION COMMANDS: /nick, /avatar, /ignore, /away, /back, /timestamps, /highlight
INFORMATIONAL COMMANDS: /data, /dexsearch, /movesearch, /groups, /faq, /rules, /intro, /formatshelp, /othermetas, /learn, /analysis, /calc (replace / with ! to broadcast. Broadcasting requires: + % @ * # & ~)
For an overview of room commands, use /roomhelp
For details of a specific command, use something like: /help data
|c|+GokuFan420|!help
COMMANDS: /msg, /reply, /logout, /challenge, /search, /rating, /whois
OPTION COMMANDS: /nick, /avatar, /ignore, /away, /back, /timestamps, /highlight
INFORMATIONAL COMMANDS: /data, /dexsearch, /movesearch, /groups, /faq, /rules, /intro, /formatshelp, /othermetas, /learn, /analysis, /calc (replace / with ! to broadcast. Broadcasting requires: + % @ * # & ~)
For an overview of room commands, use /roomhelp
For details of a specific command, use something like: /help data
|c|☆imkgh|!HELP
COMMANDS: /msg, /reply, /logout, /challenge, /search, /rating, /whois
OPTION COMMANDS: /nick, /avatar, /ignore, /away, /back, /timestamps, /highlight
INFORMATIONAL COMMANDS: /data, /dexsearch, /movesearch, /groups, /faq, /rules, /intro, /formatshelp, /othermetas, /learn, /analysis, /calc (replace / with ! to broadcast. Broadcasting requires: + % @ * # & ~)
For an overview of room commands, use /roomhelp
For details of a specific command, use something like: /help data
|c|+GokuFan420|!help
COMMANDS: /msg, /reply, /logout, /challenge, /search, /rating, /whois
OPTION COMMANDS: /nick, /avatar, /ignore, /away, /back, /timestamps, /highlight
INFORMATIONAL COMMANDS: /data, /dexsearch, /movesearch, /groups, /faq, /rules, /intro, /formatshelp, /othermetas, /learn, /analysis, /calc (replace / with ! to broadcast. Broadcasting requires: + % @ * # & ~)
For an overview of room commands, use /roomhelp
For details of a specific command, use something like: /help data
|c|☆imkgh|!HELP
COMMANDS: /msg, /reply, /logout, /challenge, /search, /rating, /whois
OPTION COMMANDS: /nick, /avatar, /ignore, /away, /back, /timestamps, /highlight
INFORMATIONAL COMMANDS: /data, /dexsearch, /movesearch, /groups, /faq, /rules, /intro, /formatshelp, /othermetas, /learn, /analysis, /calc (replace / with ! to broadcast. Broadcasting requires: + % @ * # & ~)
For an overview of room commands, use /roomhelp
For details of a specific command, use something like: /help data
|c|+GokuFan420|!help
COMMANDS: /msg, /reply, /logout, /challenge, /search, /rating, /whois
OPTION COMMANDS: /nick, /avatar, /ignore, /away, /back, /timestamps, /highlight
INFORMATIONAL COMMANDS: /data, /dexsearch, /movesearch, /groups, /faq, /rules, /intro, /formatshelp, /othermetas, /learn, /analysis, /calc (replace / with ! to broadcast. Broadcasting requires: + % @ * # & ~)
For an overview of room commands, use /roomhelp
For details of a specific command, use something like: /help data
|c|☆imkgh|!HELP
COMMANDS: /msg, /reply, /logout, /challenge, /search, /rating, /whois
OPTION COMMANDS: /nick, /avatar, /ignore, /away, /back, /timestamps, /highlight
INFORMATIONAL COMMANDS: /data, /dexsearch, /movesearch, /groups, /faq, /rules, /intro, /formatshelp, /othermetas, /learn, /analysis, /calc (replace / with ! to broadcast. Broadcasting requires: + % @ * # & ~)
For an overview of room commands, use /roomhelp
For details of a specific command, use something like: /help data
|c|+GokuFan420|!help
COMMANDS: /msg, /reply, /logout, /challenge, /search, /rating, /whois
OPTION COMMANDS: /nick, /avatar, /ignore, /away, /back, /timestamps, /highlight
INFORMATIONAL COMMANDS: /data, /dexsearch, /movesearch, /groups, /faq, /rules, /intro, /formatshelp, /othermetas, /learn, /analysis, /calc (replace / with ! to broadcast. Broadcasting requires: + % @ * # & ~)
For an overview of room commands, use /roomhelp
For details of a specific command, use something like: /help data
|c|☆imkgh|!HELP
COMMANDS: /msg, /reply, /logout, /challenge, /search, /rating, /whois
OPTION COMMANDS: /nick, /avatar, /ignore, /away, /back, /timestamps, /highlight
INFORMATIONAL COMMANDS: /data, /dexsearch, /movesearch, /groups, /faq, /rules, /intro, /formatshelp, /othermetas, /learn, /analysis, /calc (replace / with ! to broadcast. Broadcasting requires: + % @ * # & ~)
For an overview of room commands, use /roomhelp
For details of a specific command, use something like: /help data
|c|+GokuFan420|!help
COMMANDS: /msg, /reply, /logout, /challenge, /search, /rating, /whois
OPTION COMMANDS: /nick, /avatar, /ignore, /away, /back, /timestamps, /highlight
INFORMATIONAL COMMANDS: /data, /dexsearch, /movesearch, /groups, /faq, /rules, /intro, /formatshelp, /othermetas, /learn, /analysis, /calc (replace / with ! to broadcast. Broadcasting requires: + % @ * # & ~)
For an overview of room commands, use /roomhelp
For details of a specific command, use something like: /help data
|c|☆imkgh|!HELP
COMMANDS: /msg, /reply, /logout, /challenge, /search, /rating, /whois
OPTION COMMANDS: /nick, /avatar, /ignore, /away, /back, /timestamps, /highlight
INFORMATIONAL COMMANDS: /data, /dexsearch, /movesearch, /groups, /faq, /rules, /intro, /formatshelp, /othermetas, /learn, /analysis, /calc (replace / with ! to broadcast. Broadcasting requires: + % @ * # & ~)
For an overview of room commands, use /roomhelp
For details of a specific command, use something like: /help data
|c|+GokuFan420|!help
COMMANDS: /msg, /reply, /logout, /challenge, /search, /rating, /whois
OPTION COMMANDS: /nick, /avatar, /ignore, /away, /back, /timestamps, /highlight
INFORMATIONAL COMMANDS: /data, /dexsearch, /movesearch, /groups, /faq, /rules, /intro, /formatshelp, /othermetas, /learn, /analysis, /calc (replace / with ! to broadcast. Broadcasting requires: + % @ * # & ~)
For an overview of room commands, use /roomhelp
For details of a specific command, use something like: /help data
|c|☆imkgh|!HELP
COMMANDS: /msg, /reply, /logout, /challenge, /search, /rating, /whois
OPTION COMMANDS: /nick, /avatar, /ignore, /away, /back, /timestamps, /highlight
INFORMATIONAL COMMANDS: /data, /dexsearch, /movesearch, /groups, /faq, /rules, /intro, /formatshelp, /othermetas, /learn, /analysis, /calc (replace / with ! to broadcast. Broadcasting requires: + % @ * # & ~)
For an overview of room commands, use /roomhelp
For details of a specific command, use something like: /help data
|c|+GokuFan420|!help
COMMANDS: /msg, /reply, /logout, /challenge, /search, /rating, /whois
OPTION COMMANDS: /nick, /avatar, /ignore, /away, /back, /timestamps, /highlight
INFORMATIONAL COMMANDS: /data, /dexsearch, /movesearch, /groups, /faq, /rules, /intro, /formatshelp, /othermetas, /learn, /analysis, /calc (replace / with ! to broadcast. Broadcasting requires: + % @ * # & ~)
For an overview of room commands, use /roomhelp
For details of a specific command, use something like: /help data
|c|☆imkgh|!HELP
COMMANDS: /msg, /reply, /logout, /challenge, /search, /rating, /whois
OPTION COMMANDS: /nick, /avatar, /ignore, /away, /back, /timestamps, /highlight
INFORMATIONAL COMMANDS: /data, /dexsearch, /movesearch, /groups, /faq, /rules, /intro, /formatshelp, /othermetas, /learn, /analysis, /calc (replace / with ! to broadcast. Broadcasting requires: + % @ * # & ~)
For an overview of room commands, use /roomhelp
For details of a specific command, use something like: /help data
|c|+GokuFan420|!help
COMMANDS: /msg, /reply, /logout, /challenge, /search, /rating, /whois
OPTION COMMANDS: /nick, /avatar, /ignore, /away, /back, /timestamps, /highlight
INFORMATIONAL COMMANDS: /data, /dexsearch, /movesearch, /groups, /faq, /rules, /intro, /formatshelp, /othermetas, /learn, /analysis, /calc (replace / with ! to broadcast. Broadcasting requires: + % @ * # & ~)
For an overview of room commands, use /roomhelp
For details of a specific command, use something like: /help data
|c|+PatricioPatricio|champ you stroked a little
|c|☆imkgh|!HELP
COMMANDS: /msg, /reply, /logout, /challenge, /search, /rating, /whois
OPTION COMMANDS: /nick, /avatar, /ignore, /away, /back, /timestamps, /highlight
INFORMATIONAL COMMANDS: /data, /dexsearch, /movesearch, /groups, /faq, /rules, /intro, /formatshelp, /othermetas, /learn, /analysis, /calc (replace / with ! to broadcast. Broadcasting requires: + % @ * # & ~)
For an overview of room commands, use /roomhelp
For details of a specific command, use something like: /help data
|c|+GokuFan420|!help
COMMANDS: /msg, /reply, /logout, /challenge, /search, /rating, /whois
OPTION COMMANDS: /nick, /avatar, /ignore, /away, /back, /timestamps, /highlight
INFORMATIONAL COMMANDS: /data, /dexsearch, /movesearch, /groups, /faq, /rules, /intro, /formatshelp, /othermetas, /learn, /analysis, /calc (replace / with ! to broadcast. Broadcasting requires: + % @ * # & ~)
For an overview of room commands, use /roomhelp
For details of a specific command, use something like: /help data
|c|☆imkgh|!HELP
COMMANDS: /msg, /reply, /logout, /challenge, /search, /rating, /whois
OPTION COMMANDS: /nick, /avatar, /ignore, /away, /back, /timestamps, /highlight
INFORMATIONAL COMMANDS: /data, /dexsearch, /movesearch, /groups, /faq, /rules, /intro, /formatshelp, /othermetas, /learn, /analysis, /calc (replace / with ! to broadcast. Broadcasting requires: + % @ * # & ~)
For an overview of room commands, use /roomhelp
For details of a specific command, use something like: /help data
|c|+GokuFan420|!help
COMMANDS: /msg, /reply, /logout, /challenge, /search, /rating, /whois
OPTION COMMANDS: /nick, /avatar, /ignore, /away, /back, /timestamps, /highlight
INFORMATIONAL COMMANDS: /data, /dexsearch, /movesearch, /groups, /faq, /rules, /intro, /formatshelp, /othermetas, /learn, /analysis, /calc (replace / with ! to broadcast. Broadcasting requires: + % @ * # & ~)
For an overview of room commands, use /roomhelp
For details of a specific command, use something like: /help data
|c|☆imkgh|!HELP
COMMANDS: /msg, /reply, /logout, /challenge, /search, /rating, /whois
OPTION COMMANDS: /nick, /avatar, /ignore, /away, /back, /timestamps, /highlight
INFORMATIONAL COMMANDS: /data, /dexsearch, /movesearch, /groups, /faq, /rules, /intro, /formatshelp, /othermetas, /learn, /analysis, /calc (replace / with ! to broadcast. Broadcasting requires: + % @ * # & ~)
For an overview of room commands, use /roomhelp
For details of a specific command, use something like: /help data
|c|+GokuFan420|!help
COMMANDS: /msg, /reply, /logout, /challenge, /search, /rating, /whois
OPTION COMMANDS: /nick, /avatar, /ignore, /away, /back, /timestamps, /highlight
INFORMATIONAL COMMANDS: /data, /dexsearch, /movesearch, /groups, /faq, /rules, /intro, /formatshelp, /othermetas, /learn, /analysis, /calc (replace / with ! to broadcast. Broadcasting requires: + % @ * # & ~)
For an overview of room commands, use /roomhelp
For details of a specific command, use something like: /help data
|c|☆imkgh|!HELP
COMMANDS: /msg, /reply, /logout, /challenge, /search, /rating, /whois
OPTION COMMANDS: /nick, /avatar, /ignore, /away, /back, /timestamps, /highlight
INFORMATIONAL COMMANDS: /data, /dexsearch, /movesearch, /groups, /faq, /rules, /intro, /formatshelp, /othermetas, /learn, /analysis, /calc (replace / with ! to broadcast. Broadcasting requires: + % @ * # & ~)
For an overview of room commands, use /roomhelp
For details of a specific command, use something like: /help data
|c|+GokuFan420|!help
COMMANDS: /msg, /reply, /logout, /challenge, /search, /rating, /whois
OPTION COMMANDS: /nick, /avatar, /ignore, /away, /back, /timestamps, /highlight
INFORMATIONAL COMMANDS: /data, /dexsearch, /movesearch, /groups, /faq, /rules, /intro, /formatshelp, /othermetas, /learn, /analysis, /calc (replace / with ! to broadcast. Broadcasting requires: + % @ * # & ~)
For an overview of room commands, use /roomhelp
For details of a specific command, use something like: /help data
|c|☆imkgh|!HELP
COMMANDS: /msg, /reply, /logout, /challenge, /search, /rating, /whois
OPTION COMMANDS: /nick, /avatar, /ignore, /away, /back, /timestamps, /highlight
INFORMATIONAL COMMANDS: /data, /dexsearch, /movesearch, /groups, /faq, /rules, /intro, /formatshelp, /othermetas, /learn, /analysis, /calc (replace / with ! to broadcast. Broadcasting requires: + % @ * # & ~)
For an overview of room commands, use /roomhelp
For details of a specific command, use something like: /help data
|c|+GokuFan420|!help
COMMANDS: /msg, /reply, /logout, /challenge, /search, /rating, /whois
OPTION COMMANDS: /nick, /avatar, /ignore, /away, /back, /timestamps, /highlight
INFORMATIONAL COMMANDS: /data, /dexsearch, /movesearch, /groups, /faq, /rules, /intro, /formatshelp, /othermetas, /learn, /analysis, /calc (replace / with ! to broadcast. Broadcasting requires: + % @ * # & ~)
For an overview of room commands, use /roomhelp
For details of a specific command, use something like: /help data
|c|☆imkgh|!HELP
COMMANDS: /msg, /reply, /logout, /challenge, /search, /rating, /whois
OPTION COMMANDS: /nick, /avatar, /ignore, /away, /back, /timestamps, /highlight
INFORMATIONAL COMMANDS: /data, /dexsearch, /movesearch, /groups, /faq, /rules, /intro, /formatshelp, /othermetas, /learn, /analysis, /calc (replace / with ! to broadcast. Broadcasting requires: + % @ * # & ~)
For an overview of room commands, use /roomhelp
For details of a specific command, use something like: /help data
|c|+GokuFan420|!help
COMMANDS: /msg, /reply, /logout, /challenge, /search, /rating, /whois
OPTION COMMANDS: /nick, /avatar, /ignore, /away, /back, /timestamps, /highlight
INFORMATIONAL COMMANDS: /data, /dexsearch, /movesearch, /groups, /faq, /rules, /intro, /formatshelp, /othermetas, /learn, /analysis, /calc (replace / with ! to broadcast. Broadcasting requires: + % @ * # & ~)
For an overview of room commands, use /roomhelp
For details of a specific command, use something like: /help data
|c|☆imkgh|!HELP
COMMANDS: /msg, /reply, /logout, /challenge, /search, /rating, /whois
OPTION COMMANDS: /nick, /avatar, /ignore, /away, /back, /timestamps, /highlight
INFORMATIONAL COMMANDS: /data, /dexsearch, /movesearch, /groups, /faq, /rules, /intro, /formatshelp, /othermetas, /learn, /analysis, /calc (replace / with ! to broadcast. Broadcasting requires: + % @ * # & ~)
For an overview of room commands, use /roomhelp
For details of a specific command, use something like: /help data
|c|+GokuFan420|!help
COMMANDS: /msg, /reply, /logout, /challenge, /search, /rating, /whois
OPTION COMMANDS: /nick, /avatar, /ignore, /away, /back, /timestamps, /highlight
INFORMATIONAL COMMANDS: /data, /dexsearch, /movesearch, /groups, /faq, /rules, /intro, /formatshelp, /othermetas, /learn, /analysis, /calc (replace / with ! to broadcast. Broadcasting requires: + % @ * # & ~)
For an overview of room commands, use /roomhelp
For details of a specific command, use something like: /help data
|c|+PatricioPatricio|champ you stroked a little
|c|☆imkgh|!HELP
COMMANDS: /msg, /reply, /logout, /challenge, /search, /rating, /whois
OPTION COMMANDS: /nick, /avatar, /ignore, /away, /back, /timestamps, /highlight
INFORMATIONAL COMMANDS: /data, /dexsearch, /movesearch, /groups, /faq, /rules, /intro, /formatshelp, /othermetas, /learn, /analysis, /calc (replace / with ! to broadcast. Broadcasting requires: + % @ * # & ~)
For an overview of room commands, use /roomhelp
For details of a specific command, use something like: /help data
|c|+GokuFan420|!help
COMMANDS: /msg, /reply, /logout, /challenge, /search, /rating, /whois
OPTION COMMANDS: /nick, /avatar, /ignore, /away, /back, /timestamps, /highlight
INFORMATIONAL COMMANDS: /data, /dexsearch, /movesearch, /groups, /faq, /rules, /intro, /formatshelp, /othermetas, /learn, /analysis, /calc (replace / with ! to broadcast. Broadcasting requires: + % @ * # & ~)
For an overview of room commands, use /roomhelp
For details of a specific command, use something like: /help data
|c|☆imkgh|!HELP
COMMANDS: /msg, /reply, /logout, /challenge, /search, /rating, /whois
OPTION COMMANDS: /nick, /avatar, /ignore, /away, /back, /timestamps, /highlight
INFORMATIONAL COMMANDS: /data, /dexsearch, /movesearch, /groups, /faq, /rules, /intro, /formatshelp, /othermetas, /learn, /analysis, /calc (replace / with ! to broadcast. Broadcasting requires: + % @ * # & ~)
For an overview of room commands, use /roomhelp
For details of a specific command, use something like: /help data
|c|+GokuFan420|!help
COMMANDS: /msg, /reply, /logout, /challenge, /search, /rating, /whois
OPTION COMMANDS: /nick, /avatar, /ignore, /away, /back, /timestamps, /highlight
INFORMATIONAL COMMANDS: /data, /dexsearch, /movesearch, /groups, /faq, /rules, /intro, /formatshelp, /othermetas, /learn, /analysis, /calc (replace / with ! to broadcast. Broadcasting requires: + % @ * # & ~)
For an overview of room commands, use /roomhelp
For details of a specific command, use something like: /help data
|c|☆imkgh|!HELP
COMMANDS: /msg, /reply, /logout, /challenge, /search, /rating, /whois
OPTION COMMANDS: /nick, /avatar, /ignore, /away, /back, /timestamps, /highlight
INFORMATIONAL COMMANDS: /data, /dexsearch, /movesearch, /groups, /faq, /rules, /intro, /formatshelp, /othermetas, /learn, /analysis, /calc (replace / with ! to broadcast. Broadcasting requires: + % @ * # & ~)
For an overview of room commands, use /roomhelp
For details of a specific command, use something like: /help data
|c|+GokuFan420|!help
COMMANDS: /msg, /reply, /logout, /challenge, /search, /rating, /whois
OPTION COMMANDS: /nick, /avatar, /ignore, /away, /back, /timestamps, /highlight
INFORMATIONAL COMMANDS: /data, /dexsearch, /movesearch, /groups, /faq, /rules, /intro, /formatshelp, /othermetas, /learn, /analysis, /calc (replace / with ! to broadcast. Broadcasting requires: + % @ * # & ~)
For an overview of room commands, use /roomhelp
For details of a specific command, use something like: /help data
|c|☆imkgh|!HELP
COMMANDS: /msg, /reply, /logout, /challenge, /search, /rating, /whois
OPTION COMMANDS: /nick, /avatar, /ignore, /away, /back, /timestamps, /highlight
INFORMATIONAL COMMANDS: /data, /dexsearch, /movesearch, /groups, /faq, /rules, /intro, /formatshelp, /othermetas, /learn, /analysis, /calc (replace / with ! to broadcast. Broadcasting requires: + % @ * # & ~)
For an overview of room commands, use /roomhelp
For details of a specific command, use something like: /help data
|c|+GokuFan420|!help
COMMANDS: /msg, /reply, /logout, /challenge, /search, /rating, /whois
OPTION COMMANDS: /nick, /avatar, /ignore, /away, /back, /timestamps, /highlight
INFORMATIONAL COMMANDS: /data, /dexsearch, /movesearch, /groups, /faq, /rules, /intro, /formatshelp, /othermetas, /learn, /analysis, /calc (replace / with ! to broadcast. Broadcasting requires: + % @ * # & ~)
For an overview of room commands, use /roomhelp
For details of a specific command, use something like: /help data
|c|☆imkgh|!HELP
COMMANDS: /msg, /reply, /logout, /challenge, /search, /rating, /whois
OPTION COMMANDS: /nick, /avatar, /ignore, /away, /back, /timestamps, /highlight
INFORMATIONAL COMMANDS: /data, /dexsearch, /movesearch, /groups, /faq, /rules, /intro, /formatshelp, /othermetas, /learn, /analysis, /calc (replace / with ! to broadcast. Broadcasting requires: + % @ * # & ~)
For an overview of room commands, use /roomhelp
For details of a specific command, use something like: /help data
|c|+PatricioPatricio|champ you stroked a little
|c|+GokuFan420|HOGE
|c|☆imkgh|!HELP
COMMANDS: /msg, /reply, /logout, /challenge, /search, /rating, /whois
OPTION COMMANDS: /nick, /avatar, /ignore, /away, /back, /timestamps, /highlight
INFORMATIONAL COMMANDS: /data, /dexsearch, /movesearch, /groups, /faq, /rules, /intro, /formatshelp, /othermetas, /learn, /analysis, /calc (replace / with ! to broadcast. Broadcasting requires: + % @ * # & ~)
For an overview of room commands, use /roomhelp
For details of a specific command, use something like: /help data
|c|+GokuFan420|HOGE
|c|☆imkgh|!HELP
COMMANDS: /msg, /reply, /logout, /challenge, /search, /rating, /whois
OPTION COMMANDS: /nick, /avatar, /ignore, /away, /back, /timestamps, /highlight
INFORMATIONAL COMMANDS: /data, /dexsearch, /movesearch, /groups, /faq, /rules, /intro, /formatshelp, /othermetas, /learn, /analysis, /calc (replace / with ! to broadcast. Broadcasting requires: + % @ * # & ~)
For an overview of room commands, use /roomhelp
For details of a specific command, use something like: /help data
|c|+GokuFan420|HOGE
|c|☆imkgh|!HELP
COMMANDS: /msg, /reply, /logout, /challenge, /search, /rating, /whois
OPTION COMMANDS: /nick, /avatar, /ignore, /away, /back, /timestamps, /highlight
INFORMATIONAL COMMANDS: /data, /dexsearch, /movesearch, /groups, /faq, /rules, /intro, /formatshelp, /othermetas, /learn, /analysis, /calc (replace / with ! to broadcast. Broadcasting requires: + % @ * # & ~)
For an overview of room commands, use /roomhelp
For details of a specific command, use something like: /help data
|c|+GokuFan420|HOGE
|choice|move bravebird|switch 2
|
|switch|p2a: Chance the rapper|Chansey, F|703/703
|-damage|p2a: Chance the rapper|616/703|[from] Stealth Rock
|move|p1a: Talonwave|Brave Bird|p2a: Chance the rapper
|-damage|p2a: Chance the rapper|309/703
|-damage|p1a: Talonwave|46/291|[from] Recoil|[of] p2a: Chance the rapper
|
|-weather|none
|upkeep
|turn|41
|c|☆imkgh|!HELP
COMMANDS: /msg, /reply, /logout, /challenge, /search, /rating, /whois
OPTION COMMANDS: /nick, /avatar, /ignore, /away, /back, /timestamps, /highlight
INFORMATIONAL COMMANDS: /data, /dexsearch, /movesearch, /groups, /faq, /rules, /intro, /formatshelp, /othermetas, /learn, /analysis, /calc (replace / with ! to broadcast. Broadcasting requires: + % @ * # & ~)
For an overview of room commands, use /roomhelp
For details of a specific command, use something like: /help data
|c|☆imkgh|!HELP
COMMANDS: /msg, /reply, /logout, /challenge, /search, /rating, /whois
OPTION COMMANDS: /nick, /avatar, /ignore, /away, /back, /timestamps, /highlight
INFORMATIONAL COMMANDS: /data, /dexsearch, /movesearch, /groups, /faq, /rules, /intro, /formatshelp, /othermetas, /learn, /analysis, /calc (replace / with ! to broadcast. Broadcasting requires: + % @ * # & ~)
For an overview of room commands, use /roomhelp
For details of a specific command, use something like: /help data
|c|☆imkgh|!HELP
COMMANDS: /msg, /reply, /logout, /challenge, /search, /rating, /whois
OPTION COMMANDS: /nick, /avatar, /ignore, /away, /back, /timestamps, /highlight
INFORMATIONAL COMMANDS: /data, /dexsearch, /movesearch, /groups, /faq, /rules, /intro, /formatshelp, /othermetas, /learn, /analysis, /calc (replace / with ! to broadcast. Broadcasting requires: + % @ * # & ~)
For an overview of room commands, use /roomhelp
For details of a specific command, use something like: /help data
|c|☆imkgh|!HELP
COMMANDS: /msg, /reply, /logout, /challenge, /search, /rating, /whois
OPTION COMMANDS: /nick, /avatar, /ignore, /away, /back, /timestamps, /highlight
INFORMATIONAL COMMANDS: /data, /dexsearch, /movesearch, /groups, /faq, /rules, /intro, /formatshelp, /othermetas, /learn, /analysis, /calc (replace / with ! to broadcast. Broadcasting requires: + % @ * # & ~)
For an overview of room commands, use /roomhelp
For details of a specific command, use something like: /help data
|c|☆imkgh|!HELP
COMMANDS: /msg, /reply, /logout, /challenge, /search, /rating, /whois
OPTION COMMANDS: /nick, /avatar, /ignore, /away, /back, /timestamps, /highlight
INFORMATIONAL COMMANDS: /data, /dexsearch, /movesearch, /groups, /faq, /rules, /intro, /formatshelp, /othermetas, /learn, /analysis, /calc (replace / with ! to broadcast. Broadcasting requires: + % @ * # & ~)
For an overview of room commands, use /roomhelp
For details of a specific command, use something like: /help data
|c|☆imkgh|!HELP
COMMANDS: /msg, /reply, /logout, /challenge, /search, /rating, /whois
OPTION COMMANDS: /nick, /avatar, /ignore, /away, /back, /timestamps, /highlight
INFORMATIONAL COMMANDS: /data, /dexsearch, /movesearch, /groups, /faq, /rules, /intro, /formatshelp, /othermetas, /learn, /analysis, /calc (replace / with ! to broadcast. Broadcasting requires: + % @ * # & ~)
For an overview of room commands, use /roomhelp
For details of a specific command, use something like: /help data
|c|☆imkgh|!HELP
COMMANDS: /msg, /reply, /logout, /challenge, /search, /rating, /whois
OPTION COMMANDS: /nick, /avatar, /ignore, /away, /back, /timestamps, /highlight
INFORMATIONAL COMMANDS: /data, /dexsearch, /movesearch, /groups, /faq, /rules, /intro, /formatshelp, /othermetas, /learn, /analysis, /calc (replace / with ! to broadcast. Broadcasting requires: + % @ * # & ~)
For an overview of room commands, use /roomhelp
For details of a specific command, use something like: /help data
|c|☆imkgh|!HELP
COMMANDS: /msg, /reply, /logout, /challenge, /search, /rating, /whois
OPTION COMMANDS: /nick, /avatar, /ignore, /away, /back, /timestamps, /highlight
INFORMATIONAL COMMANDS: /data, /dexsearch, /movesearch, /groups, /faq, /rules, /intro, /formatshelp, /othermetas, /learn, /analysis, /calc (replace / with ! to broadcast. Broadcasting requires: + % @ * # & ~)
For an overview of room commands, use /roomhelp
For details of a specific command, use something like: /help data
|c|☆imkgh|!HELP
COMMANDS: /msg, /reply, /logout, /challenge, /search, /rating, /whois
OPTION COMMANDS: /nick, /avatar, /ignore, /away, /back, /timestamps, /highlight
INFORMATIONAL COMMANDS: /data, /dexsearch, /movesearch, /groups, /faq, /rules, /intro, /formatshelp, /othermetas, /learn, /analysis, /calc (replace / with ! to broadcast. Broadcasting requires: + % @ * # & ~)
For an overview of room commands, use /roomhelp
For details of a specific command, use something like: /help data
|c|☆imkgh|!HELP
COMMANDS: /msg, /reply, /logout, /challenge, /search, /rating, /whois
OPTION COMMANDS: /nick, /avatar, /ignore, /away, /back, /timestamps, /highlight
INFORMATIONAL COMMANDS: /data, /dexsearch, /movesearch, /groups, /faq, /rules, /intro, /formatshelp, /othermetas, /learn, /analysis, /calc (replace / with ! to broadcast. Broadcasting requires: + % @ * # & ~)
For an overview of room commands, use /roomhelp
For details of a specific command, use something like: /help data
|c|☆imkgh|!HELP
COMMANDS: /msg, /reply, /logout, /challenge, /search, /rating, /whois
OPTION COMMANDS: /nick, /avatar, /ignore, /away, /back, /timestamps, /highlight
INFORMATIONAL COMMANDS: /data, /dexsearch, /movesearch, /groups, /faq, /rules, /intro, /formatshelp, /othermetas, /learn, /analysis, /calc (replace / with ! to broadcast. Broadcasting requires: + % @ * # & ~)
For an overview of room commands, use /roomhelp
For details of a specific command, use something like: /help data
|choice|move bravebird|switch 2
|
|switch|p2a: Toxapex|Toxapex, M|151/304
|-damage|p2a: Toxapex|113/304|[from] Stealth Rock
|move|p1a: Talonwave|Brave Bird|p2a: Toxapex
|-damage|p2a: Toxapex|0 fnt
|-damage|p1a: Talonwave|9/291|[from] Recoil|[of] p2a: Toxapex
|faint|p2a: Toxapex
|
|upkeep
|c|☆imkgh|!HELP
COMMANDS: /msg, /reply, /logout, /challenge, /search, /rating, /whois
OPTION COMMANDS: /nick, /avatar, /ignore, /away, /back, /timestamps, /highlight
INFORMATIONAL COMMANDS: /data, /dexsearch, /movesearch, /groups, /faq, /rules, /intro, /formatshelp, /othermetas, /learn, /analysis, /calc (replace / with ! to broadcast. Broadcasting requires: + % @ * # & ~)
For an overview of room commands, use /roomhelp
For details of a specific command, use something like: /help data
|c|☆imkgh|!HELP
COMMANDS: /msg, /reply, /logout, /challenge, /search, /rating, /whois
OPTION COMMANDS: /nick, /avatar, /ignore, /away, /back, /timestamps, /highlight
INFORMATIONAL COMMANDS: /data, /dexsearch, /movesearch, /groups, /faq, /rules, /intro, /formatshelp, /othermetas, /learn, /analysis, /calc (replace / with ! to broadcast. Broadcasting requires: + % @ * # & ~)
For an overview of room commands, use /roomhelp
For details of a specific command, use something like: /help data
|c|☆imkgh|!HELP
COMMANDS: /msg, /reply, /logout, /challenge, /search, /rating, /whois
OPTION COMMANDS: /nick, /avatar, /ignore, /away, /back, /timestamps, /highlight
INFORMATIONAL COMMANDS: /data, /dexsearch, /movesearch, /groups, /faq, /rules, /intro, /formatshelp, /othermetas, /learn, /analysis, /calc (replace / with ! to broadcast. Broadcasting requires: + % @ * # & ~)
For an overview of room commands, use /roomhelp
For details of a specific command, use something like: /help data
|c|☆imkgh|!HELP
COMMANDS: /msg, /reply, /logout, /challenge, /search, /rating, /whois
OPTION COMMANDS: /nick, /avatar, /ignore, /away, /back, /timestamps, /highlight
INFORMATIONAL COMMANDS: /data, /dexsearch, /movesearch, /groups, /faq, /rules, /intro, /formatshelp, /othermetas, /learn, /analysis, /calc (replace / with ! to broadcast. Broadcasting requires: + % @ * # & ~)
For an overview of room commands, use /roomhelp
For details of a specific command, use something like: /help data
|choice||switch 6
|
|switch|p2a: Sableye|Sableye, M|231/303
|-damage|p2a: Sableye|194/303|[from] Stealth Rock
|turn|42
|c|+PatricioPatricio|>no 5-0
|c|☆imkgh|smogon.com/how-do-i-kill-this-fucking-bird
|c|☆imkgh|smogon.com/how-do-i-kill-this-fucking-bird
|c|☆imkgh|smogon.com/how-do-i-kill-this-fucking-bird
|c|☆imkgh|smogon.com/how-do-i-kill-this-fucking-bird
|c|☆imkgh|smogon.com/how-do-i-kill-this-fucking-bird
|c|☆imkgh|smogon.com/how-do-i-kill-this-fucking-bird
|c|☆imkgh|smogon.com/how-do-i-kill-this-fucking-bird
|c|☆imkgh|smogon.com/how-do-i-kill-this-fucking-bird
|choice|move bravebird|move willowisp
|
|move|p2a: Sableye|Will-O-Wisp|p1a: Talonwave
|-status|p1a: Talonwave|brn
|move|p1a: Talonwave|Brave Bird|p2a: Sableye
|-damage|p2a: Sableye|71/303
|-damage|p1a: Talonwave|0 fnt|[from] Recoil|[of] p2a: Sableye
|faint|p1a: Talonwave
|
|upkeep
|c|☆imkgh|smogon.com/how-do-i-kill-this-fucking-bird
|c|☆imkgh|smogon.com/how-do-i-kill-this-fucking-bird
|c|☆imkgh|smogon.com/how-do-i-kill-this-fucking-bird
|c|☆imkgh|smogon.com/how-do-i-kill-this-fucking-bird
|c|+GokuFan420|so brave
|choice|switch 5|
|
|switch|p1a: fun bade|Gliscor, F|188/354
|-damage|p1a: fun bade|144/354|[from] Stealth Rock
|turn|43
|choice|move roost|move recover
|
|move|p2a: Sableye|Recover|p2a: Sableye
|-heal|p2a: Sableye|223/303
|move|p1a: fun bade|Roost|p1a: fun bade
|-heal|p1a: fun bade|321/354
|
|upkeep
|turn|44
|choice|move toxic|move knockoff
|
|move|p1a: fun bade|Toxic|p2a: Sableye
|-status|p2a: Sableye|tox
|move|p2a: Sableye|Knock Off|p1a: fun bade|[miss]
|-miss|p2a: Sableye|p1a: fun bade
|
|-damage|p2a: Sableye|205/303 tox|[from] psn
|upkeep
|turn|45
|c|+PatricioPatricio|champ
|c|+PatricioPatricio|have the balls
|c|+PatricioPatricio|do it
|c|+PatricioPatricio|yes
|c|☆OblivionWing729|knock has a 100% acc
|c|☆OblivionWing729|wtf?
|c|☆OblivionWing729|bright power + sand veil
|c|☆OblivionWing729|bet
|c|☆OblivionWing729|powder
|choice|move substitute|move knockoff
|
|move|p1a: fun bade|Substitute|p1a: fun bade
|-start|p1a: fun bade|Substitute
|-damage|p1a: fun bade|233/354
|move|p2a: Sableye|Knock Off|p1a: fun bade
|-activate|p1a: fun bade|move: Substitute|[damage]
|
|-damage|p2a: Sableye|169/303 tox|[from] psn
|upkeep
|turn|46
|c|+PatricioPatricio|you are very smart
|choice|move sandstorm|move knockoff
|
|move|p1a: fun bade|Sandstorm|p1a: fun bade
|-weather|Sandstorm
|move|p2a: Sableye|Knock Off|p1a: fun bade
|-end|p1a: fun bade|Substitute
|
|-weather|Sandstorm|[upkeep]
|-damage|p2a: Sableye|151/303 tox|[from] sandstorm
|-damage|p2a: Sableye|97/303 tox|[from] psn
|upkeep
|turn|47
|c|+RectangularBrain|v nibber
|c|☆OblivionWing729|bruh shut the fck up
|c|☆imkgh|HEHE
|choice|move substitute|move willowisp
|
|move|p2a: Sableye|Will-O-Wisp|p1a: fun bade|[miss]
|-miss|p2a: Sableye|p1a: fun bade
|move|p1a: fun bade|Substitute|p1a: fun bade
|-start|p1a: fun bade|Substitute
|-damage|p1a: fun bade|145/354
|
|-weather|Sandstorm|[upkeep]
|-damage|p2a: Sableye|79/303 tox|[from] sandstorm
|-damage|p2a: Sableye|7/303 tox|[from] psn
|upkeep
|turn|48
|j|imbleach
|c|+PatricioPatricio|make me dickhead
|c|☆imkgh|O SHIT YOU MISSED
|c|☆imkgh|XD
|l|imbleach
|c|+PatricioPatricio|oh shit son
|c|+Textguy|fun
|c|☆imkgh|/log imbleach was promoted to Room Voice by imkgh.
|j|imbleach
|c|+GokuFan420|!roll 420
|html|<div class="infobox">Roll (1 - 420): 403</div>
|choice|move roost|move recover
|
|move|p2a: Sableye|Recover|p2a: Sableye
|-heal|p2a: Sableye|159/303 tox
|move|p1a: fun bade|Roost|p1a: fun bade
|-heal|p1a: fun bade|322/354
|
|-weather|Sandstorm|[upkeep]
|-damage|p2a: Sableye|141/303 tox|[from] sandstorm
|-damage|p2a: Sableye|51/303 tox|[from] psn
|upkeep
|turn|49
|c|+imbleach|what's going on in here
|c|+PatricioPatricio|surely recovering will save me
|c|+Emperor Wailord|funnest birb
|l|pot8o pot@o
|c|+PatricioPatricio|champ, this is team BTW http://www.smogon.com/forums/threads/sm-ou-sample-teams.3598705/
|c|+GokuFan420|champ is playing a stallfag who hid room and modchat
|c|☆imkgh|OblivionWing729 you ok b uddy?
|choice|move substitute|switch 2
|
|switch|p2a: Chance the rapper|Chansey, F|309/703
|-damage|p2a: Chance the rapper|222/703|[from] Stealth Rock
|move|p1a: fun bade|Substitute|p1a: fun bade
|-fail|p1a: fun bade|move: Substitute
|
|-weather|Sandstorm|[upkeep]
|-damage|p2a: Chance the rapper|179/703|[from] sandstorm
|upkeep
|turn|50
|j|pot8o pot@o
|c|☆OblivionWing729|lol
|c|+imbleach|i see
|c|☆imkgh|dude
|choice|move toxic|move softboiled
|
|move|p1a: fun bade|Toxic|p2a: Chance the rapper|[miss]
|-miss|p1a: fun bade|p2a: Chance the rapper
|move|p2a: Chance the rapper|Soft-Boiled|p2a: Chance the rapper
|-heal|p2a: Chance the rapper|531/703
|
|-weather|none
|upkeep
|turn|51
|c|☆imkgh|heal beall
|c|☆imkgh|lmao
|choice|move toxic|move seismictoss
|
|move|p1a: fun bade|Toxic|p2a: Chance the rapper
|-status|p2a: Chance the rapper|tox
|move|p2a: Chance the rapper|Seismic Toss|p1a: fun bade
|-end|p1a: fun bade|Substitute
|
|-damage|p2a: Chance the rapper|488/703 tox|[from] psn
|upkeep
|turn|52
|choice|move substitute|move seismictoss
|
|move|p1a: fun bade|Substitute|p1a: fun bade
|-start|p1a: fun bade|Substitute
|-damage|p1a: fun bade|234/354
|move|p2a: Chance the rapper|Seismic Toss|p1a: fun bade|[miss]
|-miss|p2a: Chance the rapper|p1a: fun bade
|
|-damage|p2a: Chance the rapper|402/703 tox|[from] psn
|upkeep
|turn|53
|l|Textguy
|c|+PatricioPatricio|oh shit son
|c|+PatricioPatricio|must be,,
|c|+PatricioPatricio|bright powder,,,,,
|c|+PatricioPatricio|im smarte,,,,,,,
|choice|move sandstorm|switch 2
|
|-curestatus|p2a: Chance the rapper|tox|[from] ability: Natural Cure
|switch|p2a: Sableye|Sableye, M|51/303 tox
|-damage|p2a: Sableye|14/303 tox|[from] Stealth Rock
|move|p1a: fun bade|Sandstorm|p1a: fun bade
|-weather|Sandstorm
|
|-weather|Sandstorm|[upkeep]
|-damage|p2a: Sableye|0 fnt|[from] sandstorm
|upkeep
|faint|p2a: Sableye
|c|+Emperor Wailord|donked
|c|+Emperor Wailord|xd
|c|+GokuFan420|champ won to this
|choice||switch 3
|
|switch|p2a: Clefable|Clefable, F|76/393 tox
|-damage|p2a: Clefable|27/393 tox|[from] Stealth Rock
|turn|54
|c|☆imkgh|OblivionWing729 you ok b uddy?
|c|☆imkgh|OblivionWing729 you ok b uddy?
|c|☆imkgh|OblivionWing729 you ok b uddy?
|c|☆imkgh|OblivionWing729 you ok b uddy?
|c|☆imkgh|OblivionWing729 you ok b uddy?
|c|☆imkgh|OblivionWing729 you ok b uddy?
|c|☆imkgh|OblivionWing729 you ok b uddy?
|c|☆imkgh|OblivionWing729 you ok b uddy?
|c|☆imkgh|OblivionWing729 you ok b uddy?
|c|+PatricioPatricio|this set needs EQ instead of sub
|c|☆imkgh|OblivionWing729 you ok b uddy?
|c|☆imkgh|OblivionWing729 you ok b uddy?
|c|+PatricioPatricio|☆imkgh: OblivionWing729 you ok b uddy?
|c|+PatricioPatricio|☆imkgh: OblivionWing729 you ok b uddy?
|c|+PatricioPatricio|☆imkgh: OblivionWing729 you ok b uddy?
|c|+PatricioPatricio|☆imkgh: OblivionWing729 you ok b uddy?
|c|+PatricioPatricio|☆imkgh: OblivionWing729 you ok b uddy?
|c|+PatricioPatricio|☆imkgh: OblivionWing729 you ok b uddy?
|c|+PatricioPatricio|☆imkgh: OblivionWing729 you ok b uddy?
|choice|move roost|move wish
|
|move|p1a: fun bade|Roost|p1a: fun bade
|-heal|p1a: fun bade|354/354
|move|p2a: Clefable|Wish|p2a: Clefable
|
|-weather|Sandstorm|[upkeep]
|-damage|p2a: Clefable|3/393 tox|[from] sandstorm
|-heal|p2a: Clefable|27/393 tox|[from] item: Leftovers
|-damage|p2a: Clefable|3/393 tox|[from] psn
|upkeep
|turn|55
|choice|move sandstorm|move healbell
|
|move|p1a: fun bade|Sandstorm|p1a: fun bade
|-fail|p1a: fun bade
|move|p2a: Clefable|Heal Bell|p2a: Clefable
|-activate|p2a: Clefable|move: Heal Bell
|-curestatus|p2a: Clefable|tox|[msg]
|
|-weather|Sandstorm|[upkeep]
|-damage|p2a: Clefable|0 fnt|[from] sandstorm
|upkeep
|faint|p2a: Clefable
|choice||switch 2
|
|switch|p2a: Chance the rapper|Chansey, F|402/703
|-damage|p2a: Chance the rapper|315/703|[from] Stealth Rock
|turn|56
|j|Pooplord420
|c|+PatricioPatricio|>
|c|+PatricioPatricio|HAHAHAHAHAHAHAHA
|c|☆imkgh|>mfw the stallfag, OblivionWing729 its getting fucking btfo
|c|☆imkgh|>mfw the stallfag, OblivionWing729 its getting fucking btfo
|c|☆imkgh|>mfw the stallfag, OblivionWing729 its getting fucking btfo
|c|☆imkgh|>mfw the stallfag, OblivionWing729 its getting fucking btfo
|c|☆imkgh|>mfw the stallfag, OblivionWing729 its getting fucking btfo
|c|☆imkgh|>mfw the stallfag, OblivionWing729 its getting fucking btfo
|c|+PatricioPatricio|After all this time
|c|☆imkgh|>mfw the stallfag, OblivionWing729 its getting fucking btfo
|c|☆imkgh|>mfw the stallfag, OblivionWing729 its getting fucking btfo
|c|☆imkgh|>mfw the stallfag, OblivionWing729 its getting fucking btfo
|c|☆imkgh|>mfw the stallfag, OblivionWing729 its getting fucking btfo
|c|☆imkgh|>mfw the stallfag, OblivionWing729 its getting fucking btfo
|c|☆imkgh|>mfw the stallfag, OblivionWing729 its getting fucking btfo
|c|+Emperor Wailord|chance d rapper
|c|☆imkgh|>mfw the stallfag, OblivionWing729 its getting fucking btfo
|c|☆imkgh|>mfw the stallfag, OblivionWing729 its getting fucking btfo
|c|☆imkgh|>mfw the stallfag, OblivionWing729 its getting fucking btfo
|choice|move toxic|move softboiled
|
|move|p1a: fun bade|Toxic|p2a: Chance the rapper
|-status|p2a: Chance the rapper|tox
|move|p2a: Chance the rapper|Soft-Boiled|p2a: Chance the rapper
|-heal|p2a: Chance the rapper|667/703 tox
|
|-weather|Sandstorm|[upkeep]
|-damage|p2a: Chance the rapper|624/703 tox|[from] sandstorm
|-damage|p2a: Chance the rapper|581/703 tox|[from] psn
|upkeep
|turn|57
|c|+GokuFan420|no more heal bell
|c|+GokuFan420|just forfeit stallfag
|c|+PatricioPatricio|OblibionWIng729 what happened to the other 728 ones?
|j|Textguy
|choice|move sandstorm|move seismictoss
|
|move|p1a: fun bade|Sandstorm|p1a: fun bade
|-fail|p1a: fun bade
|move|p2a: Chance the rapper|Seismic Toss|p1a: fun bade|[miss]
|-miss|p2a: Chance the rapper|p1a: fun bade
|
|-weather|none
|-damage|p2a: Chance the rapper|495/703 tox|[from] psn
|upkeep
|turn|58
|c|+Emperor Wailord|tossed
|c|☆imkgh|/log Pooplord420 was promoted to Room Voice by imkgh.
|choice|move sandstorm|switch 5
|
|-curestatus|p2a: Chance the rapper|tox|[from] ability: Natural Cure
|switch|p2a: Dugtrio|Dugtrio, F|201/201
|-damage|p2a: Dugtrio|189/201|[from] Stealth Rock
|move|p1a: fun bade|Sandstorm|p1a: fun bade
|-weather|Sandstorm
|
|-weather|Sandstorm|[upkeep]
|upkeep
|turn|59
|c|+Pooplord420|ayy
|c|+RectangularBrain|new meme
|c|+RectangularBrain|1000 rank shitter
|c|+RectangularBrain|uses stall
|c|+Pooplord420|nice meme
|c|+RectangularBrain|and dont know how
|c|+GokuFan420|thats an old meme
|choice|move toxic|move screech
|
|move|p2a: Dugtrio|Screech|p1a: fun bade|[miss]
|-miss|p2a: Dugtrio|p1a: fun bade
|move|p1a: fun bade|Toxic|p2a: Dugtrio
|-status|p2a: Dugtrio|tox
|
|-weather|Sandstorm|[upkeep]
|-damage|p2a: Dugtrio|177/201 tox|[from] psn
|upkeep
|turn|60
|c|+ayylmaoing|OblivionWing729 how do you feel about losing to memes?
|c|+PatricioPatricio|hahhahahahahaha
|c|☆imkgh|AUTISTIC SCREEECH
|j|papa johnsons
|c|+RectangularBrain|*autistic screeching*
|c|+Emperor Wailord|H
|c|+Emperor Wailord|O
|c|+Emperor Wailord|G
|c|+Emperor Wailord|E
|c|+PatricioPatricio|wait
|c|+PatricioPatricio|champ
|c|+PatricioPatricio|champ
|c|+RectangularBrain|v champ
|c|+PatricioPatricio|chansey cant touch hoge
|c|+GokuFan420|v's wife
|choice|move sandstorm|move screech
|
|move|p2a: Dugtrio|Screech|p1a: fun bade
|-unboost|p1a: fun bade|def|2
|move|p1a: fun bade|Sandstorm|p1a: fun bade
|-fail|p1a: fun bade
|
|-weather|Sandstorm|[upkeep]
|-damage|p2a: Dugtrio|153/201 tox|[from] psn
|upkeep
|turn|61
|c|+GokuFan420|!randpoke
|raw|<div class="message"><ul class="utilichart"><li class="result"><span class="col numcol">LC</span> <span class="col iconcol"><psicon pokemon="patrat"/></span> <span class="col pokemonnamecol" style="white-space:nowrap"><a href="https://pokemonshowdown.com/dex/pokemon/patrat" target="_blank">Patrat</a></span> <span class="col typecol"><img src="https://play.pokemonshowdown.com/sprites/types/Normal.png" alt="Normal" height="14" width="32"></span> <span style="float:left;min-height:26px"><span class="col twoabilitycol">Run Away<br />Keen Eye</span><span class="col abilitycol"><em>Analytic</em></span></span><span style="float:left;min-height:26px"><span class="col statcol"><em>HP</em><br />45</span> <span class="col statcol"><em>Atk</em><br />55</span> <span class="col statcol"><em>Def</em><br />39</span> <span class="col statcol"><em>SpA</em><br />35</span> <span class="col statcol"><em>SpD</em><br />39</span> <span class="col statcol"><em>Spe</em><br />42</span> <span class="col bstcol"><em>BST<br />255</em></span> </span></li><li style="clear:both"></li></ul></div>
|raw|<font size="1"><font color="#686868">Dex#:</font> 504&nbsp;|&ThickSpace;<font color="#686868">Gen:</font> 5&nbsp;|&ThickSpace;<font color="#686868">Height:</font> 0.5 m&nbsp;|&ThickSpace;<font color="#686868">Weight:</font> 11.6 kg <em>(40 BP)</em>&nbsp;|&ThickSpace;<font color="#686868">Dex Colour:</font> Brown&nbsp;|&ThickSpace;<font color="#686868">Egg Group(s):</font> Field&nbsp;|&ThickSpace;<font color="#686868">Evolution:</font> Watchog (20)</font>
|c|☆imkgh|it can
|c|+PatricioPatricio|ST does 1 damage
|c|☆imkgh|seismic toss
|c|☆imkgh|?
|c|+RectangularBrain|are
|c|+RectangularBrain|you
|c|+RectangularBrain|fuckin gay
|c|+RectangularBrain|and homo
|c|+Emperor Wailord|n
|j|rarechicken
|c|+imbleach|!dt seismic toss
|raw|<ul class="utilichart"><li class="result"><a data-entry="move|Seismic Toss"><span class="col movenamecol">Seismic Toss</span> <span class="col typecol"><img src="http://play.pokemonshowdown.com/sprites/types/Fighting.png" alt="Fighting" width="32" height="14"><img src="http://play.pokemonshowdown.com/sprites/categories/Physical.png" alt="Physical" width="32" height="14"></span> <span class="col widelabelcol"><em>Accuracy</em><br>100%</span> <span class="col pplabelcol"><em>PP</em><br>20</span> <span class="col movedesccol">Does damage equal to the user's level.</span> </a></li><li style="clear:both"></li></ul>
|raw|<font size="1"><font color="#686868">Priority:</font> 0&nbsp;|&ThickSpace;<font color="#686868">Gen:</font> 1&nbsp;|&ThickSpace;&#10003; Contact&nbsp;|&ThickSpace;<font color="#686868">Z-Power:</font> 100&nbsp;|&ThickSpace;<font color="#686868">Target:</font> One Adjacent Pokémon</font>
|c|+PatricioPatricio|!DT seismic toss
|raw|<ul class="utilichart"><li class="result"><a data-entry="move|Seismic Toss"><span class="col movenamecol">Seismic Toss</span> <span class="col typecol"><img src="http://play.pokemonshowdown.com/sprites/types/Fighting.png" alt="Fighting" width="32" height="14"><img src="http://play.pokemonshowdown.com/sprites/categories/Physical.png" alt="Physical" width="32" height="14"></span> <span class="col widelabelcol"><em>Accuracy</em><br>100%</span> <span class="col pplabelcol"><em>PP</em><br>20</span> <span class="col movedesccol">Does damage equal to the user's level.</span> </a></li><li style="clear:both"></li></ul>
|raw|<font size="1"><font color="#686868">Priority:</font> 0&nbsp;|&ThickSpace;<font color="#686868">Gen:</font> 1&nbsp;|&ThickSpace;&#10003; Contact&nbsp;|&ThickSpace;<font color="#686868">Z-Power:</font> 100&nbsp;|&ThickSpace;<font color="#686868">Target:</font> One Adjacent Pokémon</font>
|c|+RectangularBrain|>user
|c|+PatricioPatricio|mmmhm
|choice|switch 4|move pursuit
|
|-activate|p1a: fun bade|move: Pursuit
|move|p2a: Dugtrio|Pursuit|p1a: fun bade|[from]Pursuit
|-end|p1a: fun bade|Substitute
|switch|p1a: hoge|Swinub, L1, M|10/12
|-damage|p1a: hoge|9/12|[from] Stealth Rock
|
|-weather|Sandstorm|[upkeep]
|-damage|p2a: Dugtrio|117/201 tox|[from] psn
|upkeep
|turn|62
|c|+PatricioPatricio|really makes me think,,,,
|c|+Emperor Wailord|!dt hoge
|html|<div class="message-error">No Pokémon, item, move, ability or nature named &apos;hoge&apos; was found. (Check your spelling?)</div>
|c|+RectangularBrain|donked
|choice|move endeavor|move earthquake
|
|move|p2a: Dugtrio|Earthquake|p1a: hoge
|-damage|p1a: hoge|0 fnt
|faint|p1a: hoge
|
|-weather|none
|-damage|p2a: Dugtrio|69/201 tox|[from] psn
|upkeep
|choice|switch 4|
|
|switch|p1a: fun bade|Gliscor, F|354/354
|-damage|p1a: fun bade|310/354|[from] Stealth Rock
|turn|63
|c|+Emperor Wailord|rip
|c|+GokuFan420|f
|c|+RectangularBrain|v vapes to ^
|choice|move sandstorm|switch 5
|
|switch|p2a: Chance the rapper|Chansey, F|495/703
|-damage|p2a: Chance the rapper|408/703|[from] Stealth Rock
|move|p1a: fun bade|Sandstorm|p1a: fun bade
|-weather|Sandstorm
|
|-weather|Sandstorm|[upkeep]
|-damage|p2a: Chance the rapper|365/703|[from] sandstorm
|upkeep
|turn|64
|c|+GokuFan420|me
|c|+PatricioPatricio|:-:7
|choice|move toxic|move softboiled
|
|move|p1a: fun bade|Toxic|p2a: Chance the rapper
|-status|p2a: Chance the rapper|tox
|move|p2a: Chance the rapper|Soft-Boiled|p2a: Chance the rapper
|-heal|p2a: Chance the rapper|703/703 tox
|
|-weather|Sandstorm|[upkeep]
|-damage|p2a: Chance the rapper|660/703 tox|[from] sandstorm
|-damage|p2a: Chance the rapper|617/703 tox|[from] psn
|upkeep
|turn|65
|c|+ayylmaoing|!dt lesbian
No Pokémon, item, move, ability or nature named 'lesbian' was found. Showing the data of 'Ledian' instead.
|raw|<div class="message"><ul class="utilichart"><li class="result"><span class="col numcol">NU</span> <span class="col iconcol"><psicon pokemon="ledian"/></span> <span class="col pokemonnamecol" style="white-space:nowrap"><a href="https://pokemonshowdown.com/dex/pokemon/ledian" target="_blank">Ledian</a></span> <span class="col typecol"><img src="https://play.pokemonshowdown.com/sprites/types/Bug.png" alt="Bug" height="14" width="32"><img src="https://play.pokemonshowdown.com/sprites/types/Flying.png" alt="Flying" height="14" width="32"></span> <span style="float:left;min-height:26px"><span class="col twoabilitycol">Swarm<br />Early Bird</span><span class="col abilitycol"><em>Iron Fist</em></span></span><span style="float:left;min-height:26px"><span class="col statcol"><em>HP</em><br />55</span> <span class="col statcol"><em>Atk</em><br />35</span> <span class="col statcol"><em>Def</em><br />50</span> <span class="col statcol"><em>SpA</em><br />55</span> <span class="col statcol"><em>SpD</em><br />110</span> <span class="col statcol"><em>Spe</em><br />85</span> <span class="col bstcol"><em>BST<br />390</em></span> </span></li><li style="clear:both"></li></ul></div>
|raw|<font size="1"><font color="#686868">Dex#:</font> 166&nbsp;|&ThickSpace;<font color="#686868">Gen:</font> 2&nbsp;|&ThickSpace;<font color="#686868">Height:</font> 1.4 m&nbsp;|&ThickSpace;<font color="#686868">Weight:</font> 35.6 kg <em>(60 BP)</em>&nbsp;|&ThickSpace;<font color="#686868">Dex Colour:</font> Red&nbsp;|&ThickSpace;<font color="#686868">Egg Group(s):</font> Bug&nbsp;|&ThickSpace;<font color="#686868">Does Not Evolve</font></font>
|choice|move substitute|switch 5
|
|-curestatus|p2a: Chance the rapper|tox|[from] ability: Natural Cure
|switch|p2a: Dugtrio|Dugtrio, F|69/201 tox
|-damage|p2a: Dugtrio|57/201 tox|[from] Stealth Rock
|move|p1a: fun bade|Substitute|p1a: fun bade
|-start|p1a: fun bade|Substitute
|-damage|p1a: fun bade|222/354
|
|-weather|Sandstorm|[upkeep]
|-damage|p2a: Dugtrio|45/201 tox|[from] psn
|upkeep
|turn|66
|j|A Ruse Lamp
|c|+ayylmaoing|!dt mexican
No Pokémon, item, move, ability or nature named 'mexican' was found. Showing the data of 'Pokestar Giant' instead.
|raw|<div class="message"><ul class="utilichart"><li class="result"><span class="col numcol">Illegal</span> <span class="col iconcol"><psicon pokemon="pokestargiant"/></span> <span class="col pokemonnamecol" style="white-space:nowrap"><a href="https://pokemonshowdown.com/dex/pokemon/pokestargiant" target="_blank">Pokestar Giant</a></span> <span class="col typecol"><img src="https://play.pokemonshowdown.com/sprites/types/Normal.png" alt="Normal" height="14" width="32"></span> <span style="float:left;min-height:26px"><span class="col abilitycol">Huge Power</span><span class="col abilitycol"></span></span><span style="float:left;min-height:26px"><span class="col statcol"><em>HP</em><br />100</span> <span class="col statcol"><em>Atk</em><br />100</span> <span class="col statcol"><em>Def</em><br />100</span> <span class="col statcol"><em>SpA</em><br />100</span> <span class="col statcol"><em>SpD</em><br />100</span> <span class="col statcol"><em>Spe</em><br />100</span> <span class="col bstcol"><em>BST<br />600</em></span> </span></li><li style="clear:both"></li></ul></div>
|raw|<font size="1"><font color="#686868">Dex#:</font> -5006&nbsp;|&ThickSpace;<font color="#686868">Gen:</font> 5&nbsp;|&ThickSpace;<font color="#686868">Height:</font> 1.5 m&nbsp;|&ThickSpace;<font color="#686868">Weight:</font> 61 kg <em>(80 BP)</em>&nbsp;|&ThickSpace;<font color="#686868">Dex Colour:</font> White&nbsp;|&ThickSpace;<font color="#686868">Egg Group(s):</font> Undiscovered&nbsp;|&ThickSpace;<font color="#686868">Does Not Evolve</font></font>
|c|+RectangularBrain|!dt gay pingas
|html|<div class="message-error">No Pokémon, item, move, ability or nature named &apos;gay pingas&apos; was found. (Check your spelling?)</div>
|c|+imbleach|mexicans confirmed giants
|c|+GokuFan420|mexicans confirmed for giants
|c|+Emperor Wailord|!dt bepis
No Pokémon, item, move, ability or nature named 'bepis' was found. Showing the data of 'Aegislash' instead.
|raw|<div class="message"><ul class="utilichart"><li class="result"><span class="col numcol">Uber</span> <span class="col iconcol"><psicon pokemon="aegislash"/></span> <span class="col pokemonnamecol" style="white-space:nowrap"><a href="https://pokemonshowdown.com/dex/pokemon/aegislash" target="_blank">Aegislash</a></span> <span class="col typecol"><img src="https://play.pokemonshowdown.com/sprites/types/Steel.png" alt="Steel" height="14" width="32"><img src="https://play.pokemonshowdown.com/sprites/types/Ghost.png" alt="Ghost" height="14" width="32"></span> <span style="float:left;min-height:26px"><span class="col abilitycol">Stance Change</span><span class="col abilitycol"></span></span><span style="float:left;min-height:26px"><span class="col statcol"><em>HP</em><br />60</span> <span class="col statcol"><em>Atk</em><br />50</span> <span class="col statcol"><em>Def</em><br />150</span> <span class="col statcol"><em>SpA</em><br />50</span> <span class="col statcol"><em>SpD</em><br />150</span> <span class="col statcol"><em>Spe</em><br />60</span> <span class="col bstcol"><em>BST<br />520</em></span> </span></li><li style="clear:both"></li></ul></div>
|raw|<font size="1"><font color="#686868">Dex#:</font> 681&nbsp;|&ThickSpace;<font color="#686868">Gen:</font> 6&nbsp;|&ThickSpace;<font color="#686868">Height:</font> 1.7 m&nbsp;|&ThickSpace;<font color="#686868">Weight:</font> 53 kg <em>(80 BP)</em>&nbsp;|&ThickSpace;<font color="#686868">Dex Colour:</font> Brown&nbsp;|&ThickSpace;<font color="#686868">Egg Group(s):</font> Mineral&nbsp;|&ThickSpace;<font color="#686868">Does Not Evolve</font></font>
|choice|move toxic|switch 5
|
|switch|p2a: Chance the rapper|Chansey, F|617/703
|-damage|p2a: Chance the rapper|530/703|[from] Stealth Rock
|move|p1a: fun bade|Toxic|p2a: Chance the rapper
|-status|p2a: Chance the rapper|tox
|
|-weather|Sandstorm|[upkeep]
|-damage|p2a: Chance the rapper|487/703 tox|[from] sandstorm
|-damage|p2a: Chance the rapper|444/703 tox|[from] psn
|upkeep
|turn|67
|c|+ayylmaoing|mexicans confirmed illegal
|c|+RectangularBrain|!dt cumnugget
|html|<div class="message-error">No Pokémon, item, move, ability or nature named &apos;cumnugget&apos; was found. (Check your spelling?)</div>
|choice|move roost|move softboiled
|
|move|p1a: fun bade|Roost|p1a: fun bade
|-heal|p1a: fun bade|354/354
|move|p2a: Chance the rapper|Soft-Boiled|p2a: Chance the rapper
|-heal|p2a: Chance the rapper|703/703 tox
|
|-weather|none
|-damage|p2a: Chance the rapper|617/703 tox|[from] psn
|upkeep
|turn|68
|c|+imbleach|!dt pooper
No Pokémon, item, move, ability or nature named 'pooper' was found. Showing the data of 'Wooper' instead.
|raw|<div class="message"><ul class="utilichart"><li class="result"><span class="col numcol">LC</span> <span class="col iconcol"><psicon pokemon="wooper"/></span> <span class="col pokemonnamecol" style="white-space:nowrap"><a href="https://pokemonshowdown.com/dex/pokemon/wooper" target="_blank">Wooper</a></span> <span class="col typecol"><img src="https://play.pokemonshowdown.com/sprites/types/Water.png" alt="Water" height="14" width="32"><img src="https://play.pokemonshowdown.com/sprites/types/Ground.png" alt="Ground" height="14" width="32"></span> <span style="float:left;min-height:26px"><span class="col twoabilitycol">Damp<br />Water Absorb</span><span class="col abilitycol"><em>Unaware</em></span></span><span style="float:left;min-height:26px"><span class="col statcol"><em>HP</em><br />55</span> <span class="col statcol"><em>Atk</em><br />45</span> <span class="col statcol"><em>Def</em><br />45</span> <span class="col statcol"><em>SpA</em><br />25</span> <span class="col statcol"><em>SpD</em><br />25</span> <span class="col statcol"><em>Spe</em><br />15</span> <span class="col bstcol"><em>BST<br />210</em></span> </span></li><li style="clear:both"></li></ul></div>
|raw|<font size="1"><font color="#686868">Dex#:</font> 194&nbsp;|&ThickSpace;<font color="#686868">Gen:</font> 2&nbsp;|&ThickSpace;<font color="#686868">Height:</font> 0.4 m&nbsp;|&ThickSpace;<font color="#686868">Weight:</font> 8.5 kg <em>(20 BP)</em>&nbsp;|&ThickSpace;<font color="#686868">Dex Colour:</font> Blue&nbsp;|&ThickSpace;<font color="#686868">Egg Group(s):</font> Water 1, Field&nbsp;|&ThickSpace;<font color="#686868">Evolution:</font> Quagsire (20)</font>
|c|+RectangularBrain|!dt butt
|html|<div class="message-error">No Pokémon, item, move, ability or nature named &apos;butt&apos; was found. (Check your spelling?)</div>
|choice|move sandstorm|switch 5
|
|-curestatus|p2a: Chance the rapper|tox|[from] ability: Natural Cure
|switch|p2a: Dugtrio|Dugtrio, F|45/201 tox
|-damage|p2a: Dugtrio|33/201 tox|[from] Stealth Rock
|move|p1a: fun bade|Sandstorm|p1a: fun bade
|-weather|Sandstorm
|
|-weather|Sandstorm|[upkeep]
|-damage|p2a: Dugtrio|21/201 tox|[from] psn
|upkeep
|turn|69
|c|+Emperor Wailord|aegislash confirmed a giant bepis
|c|+GokuFan420|!dt gaynegro
|html|<div class="message-error">No Pokémon, item, move, ability or nature named &apos;gaynegro&apos; was found. (Check your spelling?)</div>
|c|+Emperor Wailord|:DDD
|c|+ayylmaoing|!dt benis
No Pokémon, item, move, ability or nature named 'benis' was found. Showing the data of 'Aegislash' instead.
|raw|<div class="message"><ul class="utilichart"><li class="result"><span class="col numcol">Uber</span> <span class="col iconcol"><psicon pokemon="aegislash"/></span> <span class="col pokemonnamecol" style="white-space:nowrap"><a href="https://pokemonshowdown.com/dex/pokemon/aegislash" target="_blank">Aegislash</a></span> <span class="col typecol"><img src="https://play.pokemonshowdown.com/sprites/types/Steel.png" alt="Steel" height="14" width="32"><img src="https://play.pokemonshowdown.com/sprites/types/Ghost.png" alt="Ghost" height="14" width="32"></span> <span style="float:left;min-height:26px"><span class="col abilitycol">Stance Change</span><span class="col abilitycol"></span></span><span style="float:left;min-height:26px"><span class="col statcol"><em>HP</em><br />60</span> <span class="col statcol"><em>Atk</em><br />50</span> <span class="col statcol"><em>Def</em><br />150</span> <span class="col statcol"><em>SpA</em><br />50</span> <span class="col statcol"><em>SpD</em><br />150</span> <span class="col statcol"><em>Spe</em><br />60</span> <span class="col bstcol"><em>BST<br />520</em></span> </span></li><li style="clear:both"></li></ul></div>
|raw|<font size="1"><font color="#686868">Dex#:</font> 681&nbsp;|&ThickSpace;<font color="#686868">Gen:</font> 6&nbsp;|&ThickSpace;<font color="#686868">Height:</font> 1.7 m&nbsp;|&ThickSpace;<font color="#686868">Weight:</font> 53 kg <em>(80 BP)</em>&nbsp;|&ThickSpace;<font color="#686868">Dex Colour:</font> Brown&nbsp;|&ThickSpace;<font color="#686868">Egg Group(s):</font> Mineral&nbsp;|&ThickSpace;<font color="#686868">Does Not Evolve</font></font>
|c|+RectangularBrain|!dt 2scoops
No Pokémon, item, move, ability or nature named '2scoops' was found. Showing the data of 'Dusclops' instead.
|raw|<div class="message"><ul class="utilichart"><li class="result"><span class="col numcol">NFE</span> <span class="col iconcol"><psicon pokemon="dusclops"/></span> <span class="col pokemonnamecol" style="white-space:nowrap"><a href="https://pokemonshowdown.com/dex/pokemon/dusclops" target="_blank">Dusclops</a></span> <span class="col typecol"><img src="https://play.pokemonshowdown.com/sprites/types/Ghost.png" alt="Ghost" height="14" width="32"></span> <span style="float:left;min-height:26px"><span class="col abilitycol">Pressure</span><span class="col abilitycol"><em>Frisk</em></span></span><span style="float:left;min-height:26px"><span class="col statcol"><em>HP</em><br />40</span> <span class="col statcol"><em>Atk</em><br />70</span> <span class="col statcol"><em>Def</em><br />130</span> <span class="col statcol"><em>SpA</em><br />60</span> <span class="col statcol"><em>SpD</em><br />130</span> <span class="col statcol"><em>Spe</em><br />25</span> <span class="col bstcol"><em>BST<br />455</em></span> </span></li><li style="clear:both"></li></ul></div>
|raw|<font size="1"><font color="#686868">Dex#:</font> 356&nbsp;|&ThickSpace;<font color="#686868">Gen:</font> 3&nbsp;|&ThickSpace;<font color="#686868">Height:</font> 1.6 m&nbsp;|&ThickSpace;<font color="#686868">Weight:</font> 30.6 kg <em>(60 BP)</em>&nbsp;|&ThickSpace;<font color="#686868">Dex Colour:</font> Black&nbsp;|&ThickSpace;<font color="#686868">Egg Group(s):</font> Amorphous&nbsp;|&ThickSpace;<font color="#686868">Evolution:</font> Dusknoir (37)</font>
|c|+GokuFan420|2sclops
|c|+ayylmaoing|!dt illegal
|html|<div class="message-error">No Pokémon, item, move, ability or nature named &apos;illegal&apos; was found. (Check your spelling?)</div>
|choice|move toxic|move screech
|
|move|p2a: Dugtrio|Screech|p1a: fun bade
|-unboost|p1a: fun bade|def|2
|move|p1a: fun bade|Toxic|p2a: Dugtrio
|-fail|p2a: Dugtrio|tox
|
|-weather|Sandstorm|[upkeep]
|-damage|p2a: Dugtrio|0 fnt|[from] psn
|upkeep
|faint|p2a: Dugtrio
|c|+RectangularBrain|!dt drumpf
No Pokémon, item, move, ability or nature named 'drumpf' was found. Showing the data of 'Drampa' instead.
|raw|<div class="message"><ul class="utilichart"><li class="result"><span class="col numcol">NU</span> <span class="col iconcol"><psicon pokemon="drampa"/></span> <span class="col pokemonnamecol" style="white-space:nowrap"><a href="https://pokemonshowdown.com/dex/pokemon/drampa" target="_blank">Drampa</a></span> <span class="col typecol"><img src="https://play.pokemonshowdown.com/sprites/types/Normal.png" alt="Normal" height="14" width="32"><img src="https://play.pokemonshowdown.com/sprites/types/Dragon.png" alt="Dragon" height="14" width="32"></span> <span style="float:left;min-height:26px"><span class="col twoabilitycol">Berserk<br />Sap Sipper</span><span class="col abilitycol"><em>Cloud Nine</em></span></span><span style="float:left;min-height:26px"><span class="col statcol"><em>HP</em><br />78</span> <span class="col statcol"><em>Atk</em><br />60</span> <span class="col statcol"><em>Def</em><br />85</span> <span class="col statcol"><em>SpA</em><br />135</span> <span class="col statcol"><em>SpD</em><br />91</span> <span class="col statcol"><em>Spe</em><br />36</span> <span class="col bstcol"><em>BST<br />485</em></span> </span></li><li style="clear:both"></li></ul></div>
|raw|<font size="1"><font color="#686868">Dex#:</font> 780&nbsp;|&ThickSpace;<font color="#686868">Gen:</font> 7&nbsp;|&ThickSpace;<font color="#686868">Height:</font> 3 m&nbsp;|&ThickSpace;<font color="#686868">Weight:</font> 185 kg <em>(100 BP)</em>&nbsp;|&ThickSpace;<font color="#686868">Dex Colour:</font> White&nbsp;|&ThickSpace;<font color="#686868">Egg Group(s):</font> Monster, Dragon&nbsp;|&ThickSpace;<font color="#686868">Does Not Evolve</font></font>
|choice||switch 5
|
|switch|p2a: Chance the rapper|Chansey, F|617/703
|-damage|p2a: Chance the rapper|530/703|[from] Stealth Rock
|turn|70
|choice|move toxic|move seismictoss
|
|move|p1a: fun bade|Toxic|p2a: Chance the rapper
|-status|p2a: Chance the rapper|tox
|move|p2a: Chance the rapper|Seismic Toss|p1a: fun bade|[miss]
|-miss|p2a: Chance the rapper|p1a: fun bade
|
|-weather|Sandstorm|[upkeep]
|-damage|p2a: Chance the rapper|487/703 tox|[from] sandstorm
|-damage|p2a: Chance the rapper|444/703 tox|[from] psn
|upkeep
|turn|71
|j|Slightly Hetero
|c|+PatricioPatricio|GG
|c|+ayylmaoing|!dt homo
|html|<div class="message-error">No Pokémon, item, move, ability or nature named &apos;homo&apos; was found. (Check your spelling?)</div>
|c|+Pooplord420|post yfw champ outstalled a stallfag
|c|+RectangularBrain|!dt medabs
|html|<div class="message-error">No Pokémon, item, move, ability or nature named &apos;medabs&apos; was found. (Check your spelling?)</div>
|c|☆imkgh|/log Slightly Hetero was promoted to Room Voice by imkgh.
|c|+PatricioPatricio|OblivionWing729 GG
|c|+RectangularBrain|!dt mecums
|html|<div class="message-error">No Pokémon, item, move, ability or nature named &apos;mecums&apos; was found. (Check your spelling?)</div>
|c|+imbleach|!dt gay
No Pokémon, item, move, ability or nature named 'gay' was found. Showing the data of 'Rayquaza' instead.
|raw|<div class="message"><ul class="utilichart"><li class="result"><span class="col numcol">Uber</span> <span class="col iconcol"><psicon pokemon="rayquaza"/></span> <span class="col pokemonnamecol" style="white-space:nowrap"><a href="https://pokemonshowdown.com/dex/pokemon/rayquaza" target="_blank">Rayquaza</a></span> <span class="col typecol"><img src="https://play.pokemonshowdown.com/sprites/types/Dragon.png" alt="Dragon" height="14" width="32"><img src="https://play.pokemonshowdown.com/sprites/types/Flying.png" alt="Flying" height="14" width="32"></span> <span style="float:left;min-height:26px"><span class="col abilitycol">Air Lock</span><span class="col abilitycol"></span></span><span style="float:left;min-height:26px"><span class="col statcol"><em>HP</em><br />105</span> <span class="col statcol"><em>Atk</em><br />150</span> <span class="col statcol"><em>Def</em><br />90</span> <span class="col statcol"><em>SpA</em><br />150</span> <span class="col statcol"><em>SpD</em><br />90</span> <span class="col statcol"><em>Spe</em><br />95</span> <span class="col bstcol"><em>BST<br />680</em></span> </span></li><li style="clear:both"></li></ul></div>
|raw|<font size="1"><font color="#686868">Dex#:</font> 384&nbsp;|&ThickSpace;<font color="#686868">Gen:</font> 3&nbsp;|&ThickSpace;<font color="#686868">Height:</font> 7 m&nbsp;|&ThickSpace;<font color="#686868">Weight:</font> 206.5 kg <em>(120 BP)</em>&nbsp;|&ThickSpace;<font color="#686868">Dex Colour:</font> Green&nbsp;|&ThickSpace;<font color="#686868">Egg Group(s):</font> Undiscovered&nbsp;|&ThickSpace;<font color="#686868">Does Not Evolve</font></font>
|c|+GokuFan420|mfw
|c|+GokuFan420|o-o
|c|+Slightly Hetero|thanks champ
|c|+RectangularBrain|!dt pingas berry
No Pokémon, item, move, ability or nature named 'pingas berry' was found. Showing the data of 'Pinap Berry' instead.
|raw|<ul class="utilichart"><li class="result"><a data-entry="item|Pinap Berry"><span class="col itemiconcol"><psicon item="pinapberry"></span> <span class="col namecol">Pinap Berry</span> <span class="col itemdesccol">Cannot be eaten by the holder. No effect when eaten with Bug Bite or Pluck.</span> </a></li><li style="clear:both"></li></ul>
|raw|<font size="1"><font color="#686868">Gen:</font> 3&nbsp;|&ThickSpace;<font color="#686868">Fling Base Power:</font> 10&nbsp;|&ThickSpace;<font color="#686868">Fling Effect:</font> Activates the Berry's effect on the target.&nbsp;|&ThickSpace;<font color="#686868">Natural Gift Type:</font> Grass&nbsp;|&ThickSpace;<font color="#686868">Natural Gift Base Power:</font> 90</font>
|c|+Slightly Hetero|my wife
|c|+ayylmaoing|!dt gay fug
|html|<div class="message-error">No Pokémon, item, move, ability or nature named &apos;gay fug&apos; was found. (Check your spelling?)</div>
|c|+Slightly Hetero|!randpoke
|raw|<div class="message"><ul class="utilichart"><li class="result"><span class="col numcol">UU</span> <span class="col iconcol"><psicon pokemon="weavile"/></span> <span class="col pokemonnamecol" style="white-space:nowrap"><a href="https://pokemonshowdown.com/dex/pokemon/weavile" target="_blank">Weavile</a></span> <span class="col typecol"><img src="https://play.pokemonshowdown.com/sprites/types/Dark.png" alt="Dark" height="14" width="32"><img src="https://play.pokemonshowdown.com/sprites/types/Ice.png" alt="Ice" height="14" width="32"></span> <span style="float:left;min-height:26px"><span class="col abilitycol">Pressure</span><span class="col abilitycol"><em>Pickpocket</em></span></span><span style="float:left;min-height:26px"><span class="col statcol"><em>HP</em><br />70</span> <span class="col statcol"><em>Atk</em><br />120</span> <span class="col statcol"><em>Def</em><br />65</span> <span class="col statcol"><em>SpA</em><br />45</span> <span class="col statcol"><em>SpD</em><br />85</span> <span class="col statcol"><em>Spe</em><br />125</span> <span class="col bstcol"><em>BST<br />510</em></span> </span></li><li style="clear:both"></li></ul></div>
|raw|<font size="1"><font color="#686868">Dex#:</font> 461&nbsp;|&ThickSpace;<font color="#686868">Gen:</font> 4&nbsp;|&ThickSpace;<font color="#686868">Height:</font> 1.1 m&nbsp;|&ThickSpace;<font color="#686868">Weight:</font> 34 kg <em>(60 BP)</em>&nbsp;|&ThickSpace;<font color="#686868">Dex Colour:</font> Black&nbsp;|&ThickSpace;<font color="#686868">Egg Group(s):</font> Field&nbsp;|&ThickSpace;<font color="#686868">Does Not Evolve</font></font>
|c|+Slightly Hetero|my son
|c|+Slightly Hetero|!randpoke lc
|raw|<div class="message"><ul class="utilichart"><li class="result"><span class="col numcol">LC</span> <span class="col iconcol"><psicon pokemon="hippopotas"/></span> <span class="col pokemonnamecol" style="white-space:nowrap"><a href="https://pokemonshowdown.com/dex/pokemon/hippopotas" target="_blank">Hippopotas</a></span> <span class="col typecol"><img src="https://play.pokemonshowdown.com/sprites/types/Ground.png" alt="Ground" height="14" width="32"></span> <span style="float:left;min-height:26px"><span class="col abilitycol">Sand Stream</span><span class="col abilitycol"><em>Sand Force</em></span></span><span style="float:left;min-height:26px"><span class="col statcol"><em>HP</em><br />68</span> <span class="col statcol"><em>Atk</em><br />72</span> <span class="col statcol"><em>Def</em><br />78</span> <span class="col statcol"><em>SpA</em><br />38</span> <span class="col statcol"><em>SpD</em><br />42</span> <span class="col statcol"><em>Spe</em><br />32</span> <span class="col bstcol"><em>BST<br />330</em></span> </span></li><li style="clear:both"></li></ul></div>
|raw|<font size="1"><font color="#686868">Dex#:</font> 449&nbsp;|&ThickSpace;<font color="#686868">Gen:</font> 4&nbsp;|&ThickSpace;<font color="#686868">Height:</font> 0.8 m&nbsp;|&ThickSpace;<font color="#686868">Weight:</font> 49.5 kg <em>(60 BP)</em>&nbsp;|&ThickSpace;<font color="#686868">Dex Colour:</font> Brown&nbsp;|&ThickSpace;<font color="#686868">Egg Group(s):</font> Field&nbsp;|&ThickSpace;<font color="#686868">Evolution:</font> Hippowdon (34)</font>
|c|+Slightly Hetero|my daughter
|c|+Slightly Hetero|!randpoke lc
|raw|<div class="message"><ul class="utilichart"><li class="result"><span class="col numcol">LC</span> <span class="col iconcol"><psicon pokemon="hippopotas"/></span> <span class="col pokemonnamecol" style="white-space:nowrap"><a href="https://pokemonshowdown.com/dex/pokemon/hippopotas" target="_blank">Hippopotas</a></span> <span class="col typecol"><img src="https://play.pokemonshowdown.com/sprites/types/Ground.png" alt="Ground" height="14" width="32"></span> <span style="float:left;min-height:26px"><span class="col abilitycol">Sand Stream</span><span class="col abilitycol"><em>Sand Force</em></span></span><span style="float:left;min-height:26px"><span class="col statcol"><em>HP</em><br />68</span> <span class="col statcol"><em>Atk</em><br />72</span> <span class="col statcol"><em>Def</em><br />78</span> <span class="col statcol"><em>SpA</em><br />38</span> <span class="col statcol"><em>SpD</em><br />42</span> <span class="col statcol"><em>Spe</em><br />32</span> <span class="col bstcol"><em>BST<br />330</em></span> </span></li><li style="clear:both"></li></ul></div>
|raw|<font size="1"><font color="#686868">Dex#:</font> 449&nbsp;|&ThickSpace;<font color="#686868">Gen:</font> 4&nbsp;|&ThickSpace;<font color="#686868">Height:</font> 0.8 m&nbsp;|&ThickSpace;<font color="#686868">Weight:</font> 49.5 kg <em>(60 BP)</em>&nbsp;|&ThickSpace;<font color="#686868">Dex Colour:</font> Brown&nbsp;|&ThickSpace;<font color="#686868">Egg Group(s):</font> Field&nbsp;|&ThickSpace;<font color="#686868">Evolution:</font> Hippowdon (34)</font>
|c|+ayylmaoing|!randpoke dragon
|raw|<div class="message"><ul class="utilichart"><li class="result"><span class="col numcol">RU</span> <span class="col iconcol"><psicon pokemon="salazzle"/></span> <span class="col pokemonnamecol" style="white-space:nowrap"><a href="https://pokemonshowdown.com/dex/pokemon/salazzle" target="_blank">Salazzle</a></span> <span class="col typecol"><img src="https://play.pokemonshowdown.com/sprites/types/Poison.png" alt="Poison" height="14" width="32"><img src="https://play.pokemonshowdown.com/sprites/types/Fire.png" alt="Fire" height="14" width="32"></span> <span style="float:left;min-height:26px"><span class="col abilitycol">Corrosion</span><span class="col abilitycol"><em>Oblivious</em></span></span><span style="float:left;min-height:26px"><span class="col statcol"><em>HP</em><br />68</span> <span class="col statcol"><em>Atk</em><br />64</span> <span class="col statcol"><em>Def</em><br />60</span> <span class="col statcol"><em>SpA</em><br />111</span> <span class="col statcol"><em>SpD</em><br />60</span> <span class="col statcol"><em>Spe</em><br />117</span> <span class="col bstcol"><em>BST<br />480</em></span> </span></li><li style="clear:both"></li></ul></div>
|raw|<font size="1"><font color="#686868">Dex#:</font> 758&nbsp;|&ThickSpace;<font color="#686868">Gen:</font> 7&nbsp;|&ThickSpace;<font color="#686868">Height:</font> 1.2 m&nbsp;|&ThickSpace;<font color="#686868">Weight:</font> 22.2 kg <em>(40 BP)</em>&nbsp;|&ThickSpace;<font color="#686868">Dex Colour:</font> Black&nbsp;|&ThickSpace;<font color="#686868">Egg Group(s):</font> Monster, Dragon&nbsp;|&ThickSpace;<font color="#686868">Does Not Evolve</font></font>
|c|+Slightly Hetero|uhh
|c|+imbleach|whoa
|c|+Slightly Hetero|theyre twins
|j|HoracioTPM
|c|+GokuFan420|!randpoke ground type
|raw|<div class="message"><ul class="utilichart"><li class="result"><span class="col numcol">LC</span> <span class="col iconcol"><psicon pokemon="geodude"/></span> <span class="col pokemonnamecol" style="white-space:nowrap"><a href="https://pokemonshowdown.com/dex/pokemon/geodude" target="_blank">Geodude</a></span> <span class="col typecol"><img src="https://play.pokemonshowdown.com/sprites/types/Rock.png" alt="Rock" height="14" width="32"><img src="https://play.pokemonshowdown.com/sprites/types/Ground.png" alt="Ground" height="14" width="32"></span> <span style="float:left;min-height:26px"><span class="col twoabilitycol">Rock Head<br />Sturdy</span><span class="col abilitycol"><em>Sand Veil</em></span></span><span style="float:left;min-height:26px"><span class="col statcol"><em>HP</em><br />40</span> <span class="col statcol"><em>Atk</em><br />80</span> <span class="col statcol"><em>Def</em><br />100</span> <span class="col statcol"><em>SpA</em><br />30</span> <span class="col statcol"><em>SpD</em><br />30</span> <span class="col statcol"><em>Spe</em><br />20</span> <span class="col bstcol"><em>BST<br />300</em></span> </span></li><li style="clear:both"></li></ul></div>
|raw|<font size="1"><font color="#686868">Dex#:</font> 74&nbsp;|&ThickSpace;<font color="#686868">Gen:</font> 1&nbsp;|&ThickSpace;<font color="#686868">Height:</font> 0.4 m&nbsp;|&ThickSpace;<font color="#686868">Weight:</font> 20 kg <em>(40 BP)</em>&nbsp;|&ThickSpace;<font color="#686868">Dex Colour:</font> Brown&nbsp;|&ThickSpace;<font color="#686868">Egg Group(s):</font> Mineral&nbsp;|&ThickSpace;<font color="#686868">Evolution:</font> Graveler (25)</font>
|choice|move sandstorm|move seismictoss
|
|move|p1a: fun bade|Sandstorm|p1a: fun bade
|-fail|p1a: fun bade
|move|p2a: Chance the rapper|Seismic Toss|p1a: fun bade
|-end|p1a: fun bade|Substitute
|
|-weather|Sandstorm|[upkeep]
|-damage|p2a: Chance the rapper|401/703 tox|[from] sandstorm
|-damage|p2a: Chance the rapper|315/703 tox|[from] psn
|upkeep
|turn|72
|c|+PatricioPatricio|☆OblivionWing729: ima ghost type :p
|c|+RectangularBrain|!dt numale
No Pokémon, item, move, ability or nature named 'numale' was found. Showing the data of 'Nuzzle' instead.
|raw|<ul class="utilichart"><li class="result"><a data-entry="move|Nuzzle"><span class="col movenamecol">Nuzzle</span> <span class="col typecol"><img src="http://play.pokemonshowdown.com/sprites/types/Electric.png" alt="Electric" width="32" height="14"><img src="http://play.pokemonshowdown.com/sprites/categories/Physical.png" alt="Physical" width="32" height="14"></span> <span class="col labelcol"><em>Power</em><br>20</span> <span class="col widelabelcol"><em>Accuracy</em><br>100%</span> <span class="col pplabelcol"><em>PP</em><br>20</span> <span class="col movedesccol">100% chance to paralyze the target.</span> </a></li><li style="clear:both"></li></ul>
|raw|<font size="1"><font color="#686868">Priority:</font> 0&nbsp;|&ThickSpace;<font color="#686868">Gen:</font> 6&nbsp;|&ThickSpace;&#10003; Secondary effect&nbsp;|&ThickSpace;&#10003; Contact&nbsp;|&ThickSpace;<font color="#686868">Z-Power:</font> 100&nbsp;|&ThickSpace;<font color="#686868">Target:</font> One Adjacent Pokémon</font>
|c|☆imkgh|/log HoracioTPM was promoted to Room Voice by imkgh.
|c|+ayylmaoing|!randpoke humanoid
|html|<div class="infobox">'humanoid' could not be found in any of the search categories.</div>
|c|+HoracioTPM|Thx baby
|choice|move substitute|move seismictoss
|
|move|p1a: fun bade|Substitute|p1a: fun bade
|-start|p1a: fun bade|Substitute
|-damage|p1a: fun bade|266/354
|move|p2a: Chance the rapper|Seismic Toss|p1a: fun bade
|-end|p1a: fun bade|Substitute
|
|-weather|none
|-damage|p2a: Chance the rapper|186/703 tox|[from] psn
|upkeep
|turn|73
|c|+ayylmaoing|!randpoke field
|raw|<div class="message"><ul class="utilichart"><li class="result"><span class="col numcol">OU</span> <span class="col iconcol"><psicon pokemon="smeargle"/></span> <span class="col pokemonnamecol" style="white-space:nowrap"><a href="https://pokemonshowdown.com/dex/pokemon/smeargle" target="_blank">Smeargle</a></span> <span class="col typecol"><img src="https://play.pokemonshowdown.com/sprites/types/Normal.png" alt="Normal" height="14" width="32"></span> <span style="float:left;min-height:26px"><span class="col twoabilitycol">Own Tempo<br />Technician</span><span class="col abilitycol"><em>Moody</em></span></span><span style="float:left;min-height:26px"><span class="col statcol"><em>HP</em><br />55</span> <span class="col statcol"><em>Atk</em><br />20</span> <span class="col statcol"><em>Def</em><br />35</span> <span class="col statcol"><em>SpA</em><br />20</span> <span class="col statcol"><em>SpD</em><br />45</span> <span class="col statcol"><em>Spe</em><br />75</span> <span class="col bstcol"><em>BST<br />250</em></span> </span></li><li style="clear:both"></li></ul></div>
|raw|<font size="1"><font color="#686868">Dex#:</font> 235&nbsp;|&ThickSpace;<font color="#686868">Gen:</font> 2&nbsp;|&ThickSpace;<font color="#686868">Height:</font> 1.2 m&nbsp;|&ThickSpace;<font color="#686868">Weight:</font> 58 kg <em>(80 BP)</em>&nbsp;|&ThickSpace;<font color="#686868">Dex Colour:</font> White&nbsp;|&ThickSpace;<font color="#686868">Egg Group(s):</font> Field&nbsp;|&ThickSpace;<font color="#686868">Does Not Evolve</font></font>
|c|+RectangularBrain|!dt humanoid
|html|<div class="message-error">No Pokémon, item, move, ability or nature named &apos;humanoid&apos; was found. (Check your spelling?)</div>
|choice|move substitute|move seismictoss
|
|move|p1a: fun bade|Substitute|p1a: fun bade
|-start|p1a: fun bade|Substitute
|-damage|p1a: fun bade|178/354
|move|p2a: Chance the rapper|Seismic Toss|p1a: fun bade
|-end|p1a: fun bade|Substitute
|
|-damage|p2a: Chance the rapper|14/703 tox|[from] psn
|upkeep
|turn|74
|c|+imbleach|!randpoke humanlike
|raw|<div class="message"><ul class="utilichart"><li class="result"><span class="col numcol">NU</span> <span class="col iconcol"><psicon pokemon="electivire"/></span> <span class="col pokemonnamecol" style="white-space:nowrap"><a href="https://pokemonshowdown.com/dex/pokemon/electivire" target="_blank">Electivire</a></span> <span class="col typecol"><img src="https://play.pokemonshowdown.com/sprites/types/Electric.png" alt="Electric" height="14" width="32"></span> <span style="float:left;min-height:26px"><span class="col abilitycol">Motor Drive</span><span class="col abilitycol"><em>Vital Spirit</em></span></span><span style="float:left;min-height:26px"><span class="col statcol"><em>HP</em><br />75</span> <span class="col statcol"><em>Atk</em><br />123</span> <span class="col statcol"><em>Def</em><br />67</span> <span class="col statcol"><em>SpA</em><br />95</span> <span class="col statcol"><em>SpD</em><br />85</span> <span class="col statcol"><em>Spe</em><br />95</span> <span class="col bstcol"><em>BST<br />540</em></span> </span></li><li style="clear:both"></li></ul></div>
|raw|<font size="1"><font color="#686868">Dex#:</font> 466&nbsp;|&ThickSpace;<font color="#686868">Gen:</font> 4&nbsp;|&ThickSpace;<font color="#686868">Height:</font> 1.8 m&nbsp;|&ThickSpace;<font color="#686868">Weight:</font> 138.6 kg <em>(100 BP)</em>&nbsp;|&ThickSpace;<font color="#686868">Dex Colour:</font> Yellow&nbsp;|&ThickSpace;<font color="#686868">Egg Group(s):</font> Human-Like&nbsp;|&ThickSpace;<font color="#686868">Does Not Evolve</font></font>
|c|+RectangularBrain|v humanoid
|c|+Textguy|me
|c|+Slightly Hetero|hey OblivionWing729
|c|+ayylmaoing|!randpoke water, umanlike
|html|<div class="infobox">'water' could not be found in any of the search categories.</div>
|c|+Slightly Hetero|git gud fam
|c|+Slightly Hetero|/me dabs
|c|+RectangularBrain|!dt water
No Pokémon, item, move, ability or nature named 'water' was found. Showing the data of 'Hydro Vortex' instead.
|raw|<ul class="utilichart"><li class="result"><a data-entry="move|Hydro Vortex"><span class="col movenamecol">Hydro Vortex</span> <span class="col typecol"><img src="http://play.pokemonshowdown.com/sprites/types/Water.png" alt="Water" width="32" height="14"><img src="http://play.pokemonshowdown.com/sprites/categories/Physical.png" alt="Physical" width="32" height="14"></span> <span class="col labelcol"><em>Power</em><br>1</span> <span class="col widelabelcol"><em>Accuracy</em><br>—</span> <span class="col pplabelcol"><em>PP</em><br>1</span> <span class="col movedesccol">Power is equal to the base move's Z-Power.</span> </a></li><li style="clear:both"></li></ul>
|raw|<font size="1"><font color="#686868">Priority:</font> 0&nbsp;|&ThickSpace;<font color="#686868">Gen:</font> 7&nbsp;|&ThickSpace;&#10003; Bypasses Protect&nbsp;|&ThickSpace;&#10003; Z-Move&nbsp;|&ThickSpace;<font color="#686868">Z-Crystal:</font> Waterium Z&nbsp;|&ThickSpace;<font color="#686868">Target:</font> One Adjacent Pokémon</font>
|c|+RectangularBrain|!dt fisting
No Pokémon, item, move, ability or nature named 'fisting' was found. Showing the data of 'All-Out Pummeling' instead.
|raw|<ul class="utilichart"><li class="result"><a data-entry="move|All-Out Pummeling"><span class="col movenamecol">All-Out Pummeling</span> <span class="col typecol"><img src="http://play.pokemonshowdown.com/sprites/types/Fighting.png" alt="Fighting" width="32" height="14"><img src="http://play.pokemonshowdown.com/sprites/categories/Physical.png" alt="Physical" width="32" height="14"></span> <span class="col labelcol"><em>Power</em><br>1</span> <span class="col widelabelcol"><em>Accuracy</em><br>—</span> <span class="col pplabelcol"><em>PP</em><br>1</span> <span class="col movedesccol">Power is equal to the base move's Z-Power.</span> </a></li><li style="clear:both"></li></ul>
|raw|<font size="1"><font color="#686868">Priority:</font> 0&nbsp;|&ThickSpace;<font color="#686868">Gen:</font> 7&nbsp;|&ThickSpace;&#10003; Bypasses Protect&nbsp;|&ThickSpace;&#10003; Z-Move&nbsp;|&ThickSpace;<font color="#686868">Z-Crystal:</font> Fightinium Z&nbsp;|&ThickSpace;<font color="#686868">Target:</font> One Adjacent Pokémon</font>
|c|+ayylmaoing|!dt fire
No Pokémon, item, move, ability or nature named 'fire' was found. Showing the data of 'Inferno Overdrive' instead.
|raw|<ul class="utilichart"><li class="result"><a data-entry="move|Inferno Overdrive"><span class="col movenamecol">Inferno Overdrive</span> <span class="col typecol"><img src="http://play.pokemonshowdown.com/sprites/types/Fire.png" alt="Fire" width="32" height="14"><img src="http://play.pokemonshowdown.com/sprites/categories/Physical.png" alt="Physical" width="32" height="14"></span> <span class="col labelcol"><em>Power</em><br>1</span> <span class="col widelabelcol"><em>Accuracy</em><br>—</span> <span class="col pplabelcol"><em>PP</em><br>1</span> <span class="col movedesccol">Power is equal to the base move's Z-Power.</span> </a></li><li style="clear:both"></li></ul>
|raw|<font size="1"><font color="#686868">Priority:</font> 0&nbsp;|&ThickSpace;<font color="#686868">Gen:</font> 7&nbsp;|&ThickSpace;&#10003; Bypasses Protect&nbsp;|&ThickSpace;&#10003; Z-Move&nbsp;|&ThickSpace;<font color="#686868">Z-Crystal:</font> Firium Z&nbsp;|&ThickSpace;<font color="#686868">Target:</font> One Adjacent Pokémon</font>
|c|+ayylmaoing|!dt grass
No Pokémon, item, move, ability or nature named 'grass' was found. Showing the data of 'Bloom Doom' instead.
|raw|<ul class="utilichart"><li class="result"><a data-entry="move|Bloom Doom"><span class="col movenamecol">Bloom Doom</span> <span class="col typecol"><img src="http://play.pokemonshowdown.com/sprites/types/Grass.png" alt="Grass" width="32" height="14"><img src="http://play.pokemonshowdown.com/sprites/categories/Physical.png" alt="Physical" width="32" height="14"></span> <span class="col labelcol"><em>Power</em><br>1</span> <span class="col widelabelcol"><em>Accuracy</em><br>—</span> <span class="col pplabelcol"><em>PP</em><br>1</span> <span class="col movedesccol">Power is equal to the base move's Z-Power.</span> </a></li><li style="clear:both"></li></ul>
|raw|<font size="1"><font color="#686868">Priority:</font> 0&nbsp;|&ThickSpace;<font color="#686868">Gen:</font> 7&nbsp;|&ThickSpace;&#10003; Bypasses Protect&nbsp;|&ThickSpace;&#10003; Z-Move&nbsp;|&ThickSpace;<font color="#686868">Z-Crystal:</font> Grassium Z&nbsp;|&ThickSpace;<font color="#686868">Target:</font> One Adjacent Pokémon</font>
|j|Blocko
|c|+PatricioPatricio|☆OblivionWing729 consider suicide
|c|+RectangularBrain|considered
|c|+ayylmaoing|!dt bagina
No Pokémon, item, move, ability or nature named 'bagina' was found. Showing the data of 'Bagon' instead.
|raw|<div class="message"><ul class="utilichart"><li class="result"><span class="col numcol">LC</span> <span class="col iconcol"><psicon pokemon="bagon"/></span> <span class="col pokemonnamecol" style="white-space:nowrap"><a href="https://pokemonshowdown.com/dex/pokemon/bagon" target="_blank">Bagon</a></span> <span class="col typecol"><img src="https://play.pokemonshowdown.com/sprites/types/Dragon.png" alt="Dragon" height="14" width="32"></span> <span style="float:left;min-height:26px"><span class="col abilitycol">Rock Head</span><span class="col abilitycol"><em>Sheer Force</em></span></span><span style="float:left;min-height:26px"><span class="col statcol"><em>HP</em><br />45</span> <span class="col statcol"><em>Atk</em><br />75</span> <span class="col statcol"><em>Def</em><br />60</span> <span class="col statcol"><em>SpA</em><br />40</span> <span class="col statcol"><em>SpD</em><br />30</span> <span class="col statcol"><em>Spe</em><br />50</span> <span class="col bstcol"><em>BST<br />300</em></span> </span></li><li style="clear:both"></li></ul></div>
|raw|<font size="1"><font color="#686868">Dex#:</font> 371&nbsp;|&ThickSpace;<font color="#686868">Gen:</font> 3&nbsp;|&ThickSpace;<font color="#686868">Height:</font> 0.6 m&nbsp;|&ThickSpace;<font color="#686868">Weight:</font> 42.1 kg <em>(60 BP)</em>&nbsp;|&ThickSpace;<font color="#686868">Dex Colour:</font> Blue&nbsp;|&ThickSpace;<font color="#686868">Egg Group(s):</font> Dragon&nbsp;|&ThickSpace;<font color="#686868">Evolution:</font> Shelgon (30)</font>
|c|+GokuFan420|STALLFAGS BTFO
|c|+RectangularBrain|!dt membre
No Pokémon, item, move, ability or nature named 'membre' was found. Showing the data of 'Lombre' instead.
|raw|<div class="message"><ul class="utilichart"><li class="result"><span class="col numcol">NFE</span> <span class="col iconcol"><psicon pokemon="lombre"/></span> <span class="col pokemonnamecol" style="white-space:nowrap"><a href="https://pokemonshowdown.com/dex/pokemon/lombre" target="_blank">Lombre</a></span> <span class="col typecol"><img src="https://play.pokemonshowdown.com/sprites/types/Water.png" alt="Water" height="14" width="32"><img src="https://play.pokemonshowdown.com/sprites/types/Grass.png" alt="Grass" height="14" width="32"></span> <span style="float:left;min-height:26px"><span class="col twoabilitycol">Swift Swim<br />Rain Dish</span><span class="col abilitycol"><em>Own Tempo</em></span></span><span style="float:left;min-height:26px"><span class="col statcol"><em>HP</em><br />60</span> <span class="col statcol"><em>Atk</em><br />50</span> <span class="col statcol"><em>Def</em><br />50</span> <span class="col statcol"><em>SpA</em><br />60</span> <span class="col statcol"><em>SpD</em><br />70</span> <span class="col statcol"><em>Spe</em><br />50</span> <span class="col bstcol"><em>BST<br />340</em></span> </span></li><li style="clear:both"></li></ul></div>
|raw|<font size="1"><font color="#686868">Dex#:</font> 271&nbsp;|&ThickSpace;<font color="#686868">Gen:</font> 3&nbsp;|&ThickSpace;<font color="#686868">Height:</font> 1.2 m&nbsp;|&ThickSpace;<font color="#686868">Weight:</font> 32.5 kg <em>(60 BP)</em>&nbsp;|&ThickSpace;<font color="#686868">Dex Colour:</font> Green&nbsp;|&ThickSpace;<font color="#686868">Egg Group(s):</font> Water 1, Grass&nbsp;|&ThickSpace;<font color="#686868">Evolution:</font> Ludicolo (14)</font>
|c|+DedeleleletWhooop|!help
COMMANDS: /msg, /reply, /logout, /challenge, /search, /rating, /whois
OPTION COMMANDS: /nick, /avatar, /ignore, /away, /back, /timestamps, /highlight
INFORMATIONAL COMMANDS: /data, /dexsearch, /movesearch, /groups, /faq, /rules, /intro, /formatshelp, /othermetas, /learn, /analysis, /calc (replace / with ! to broadcast. Broadcasting requires: + % @ * # & ~)
For an overview of room commands, use /roomhelp
For details of a specific command, use something like: /help data
|c|+PatricioPatricio|2 straight days of hoge breaking stall
|c|+HoracioTPM|>Losing when using the most copy/pasted team on smogon
|c|+HoracioTPM|>Losing when using the most copy/pasted team on smogon
|c|+HoracioTPM|>Losing when using the most copy/pasted team on smogon
|c|+HoracioTPM|>Losing when using the most copy/pasted team on smogon
|c|+HoracioTPM|>Losing when using the most copy/pasted team on smogon
|c|+HoracioTPM|>Losing when using the most copy/pasted team on smogon
|c|+RectangularBrain|is timer on
|c|+RectangularBrain|no
|c|+PatricioPatricio|yes
|c|+Slightly Hetero|really rolls my on the floor laughings
|c|+RectangularBrain|!dt vaping
|html|<div class="message-error">No Pokémon, item, move, ability or nature named &apos;vaping&apos; was found. (Check your spelling?)</div>
|j|dongshlonger420
|c|+RectangularBrain|!dt gayniger
|html|<div class="message-error">No Pokémon, item, move, ability or nature named &apos;gayniger&apos; was found. (Check your spelling?)</div>
|c|+DedeleleletWhooop|OblivionWing729 is a true loser
|c|+Slightly Hetero|>s-shit i lost, better timer stall
|c|+RectangularBrain|!dt niger berry
No Pokémon, item, move, ability or nature named 'niger berry' was found. Showing the data of 'Ice Berry' instead.
|raw|<ul class="utilichart"><li class="result"><a data-entry="item|Ice Berry"><span class="col itemiconcol"><psicon item="iceberry"></span> <span class="col namecol">Ice Berry</span> <span class="col itemdesccol">(Gen 2) Holder is cured if it is burned. Single use.</span> </a></li><li style="clear:both"></li></ul>
|raw|<font size="1"><font color="#686868">Gen:</font> 2&nbsp;|&ThickSpace;<font color="#686868">Fling Base Power:</font> 10&nbsp;|&ThickSpace;<font color="#686868">Fling Effect:</font> Activates the Berry's effect on the target.&nbsp;|&ThickSpace;<font color="#686868">Natural Gift Type:</font> Grass&nbsp;|&ThickSpace;<font color="#686868">Natural Gift Base Power:</font> 80</font>
|c|+ayylmaoing|!dt dragon
No Pokémon, item, move, ability or nature named 'dragon' was found. Showing the data of 'Devastating Drake' instead.
|raw|<ul class="utilichart"><li class="result"><a data-entry="move|Devastating Drake"><span class="col movenamecol">Devastating Drake</span> <span class="col typecol"><img src="http://play.pokemonshowdown.com/sprites/types/Dragon.png" alt="Dragon" width="32" height="14"><img src="http://play.pokemonshowdown.com/sprites/categories/Physical.png" alt="Physical" width="32" height="14"></span> <span class="col labelcol"><em>Power</em><br>1</span> <span class="col widelabelcol"><em>Accuracy</em><br>—</span> <span class="col pplabelcol"><em>PP</em><br>1</span> <span class="col movedesccol">Power is equal to the base move's Z-Power.</span> </a></li><li style="clear:both"></li></ul>
|raw|<font size="1"><font color="#686868">Priority:</font> 0&nbsp;|&ThickSpace;<font color="#686868">Gen:</font> 7&nbsp;|&ThickSpace;&#10003; Bypasses Protect&nbsp;|&ThickSpace;&#10003; Z-Move&nbsp;|&ThickSpace;<font color="#686868">Z-Crystal:</font> Dragonium Z&nbsp;|&ThickSpace;<font color="#686868">Target:</font> One Adjacent Pokémon</font>
|c|+Pooplord420|>timestalling
|c|+Pooplord420|better use all of the stall strategies
|c|+RectangularBrain|!dt pepis berry
No Pokémon, item, move, ability or nature named 'pepis berry' was found. Showing the data of 'Persim Berry' instead.
|raw|<ul class="utilichart"><li class="result"><a data-entry="item|Persim Berry"><span class="col itemiconcol"><psicon item="persimberry"></span> <span class="col namecol">Persim Berry</span> <span class="col itemdesccol">Holder is cured if it is confused. Single use.</span> </a></li><li style="clear:both"></li></ul>
|raw|<font size="1"><font color="#686868">Gen:</font> 3&nbsp;|&ThickSpace;<font color="#686868">Fling Base Power:</font> 10&nbsp;|&ThickSpace;<font color="#686868">Fling Effect:</font> Activates the Berry's effect on the target.&nbsp;|&ThickSpace;<font color="#686868">Natural Gift Type:</font> Ground&nbsp;|&ThickSpace;<font color="#686868">Natural Gift Base Power:</font> 80</font>
|c|+Slightly Hetero|[11:34:17] OblivionWing729: can someone spec me
|c|+Slightly Hetero|[11:34:23] OblivionWing729: ppl are spamming and making my lag
|c|+DedeleleletWhooop|I'm saving this replay
|c|+Slightly Hetero|ez pz
|c|+Slightly Hetero|lemon
|c|+RectangularBrain|lmao
|c|+Slightly Hetero|squeezee
|-message|OblivionWing729 lost due to inactivity.
|
|win|imkgh
|l|OblivionWing729
|raw|imkgh's rating: 1136 &rarr; <strong>1168</strong><br />(+32 for winning)
|raw|OblivionWing729's rating: 1240 &rarr; <strong>1208</strong><br />(-32 for losing)
|c|+Pooplord420|bullied tbh
|c|+RectangularBrain|>didnt get help
|c|+RectangularBrain|>lost to timer he set
|c|+RectangularBrain|name more cucked
|c|+RectangularBrain|niger
|c|+Slightly Hetero|i cant tbh
|c|+RectangularBrain|also lost with template stall team
|c|+RectangularBrain|to memsa
|l|Textguy
|c|+PatricioPatricio|to follow her
|l|imkgh
|l|pot8o pot@o
|j|imkgh
|c|+imbleach|nice ancient meme champ
|l|A Ruse Lamp
|l|DedeleleletWhooop
|l|imkgh
|j|A Ruse Lamp
|l|HoracioTPM
|l|ayylmaoing
|l|Blocko
|l|A Ruse Lamp
|j|Blocko
|l|Blocko
|j|imkgh
|l|Pooplord420
|l|Slightly Hetero
|l|imkgh
|j|imkgh
|l|imkgh
|j|imkgh
|l|dongshlonger420
|l|imkgh
|l|Emperor Wailord
|j|imkgh
|j|Slightly Hetero
|l|RectangularBrain
|j|A Ruse Lamp
|l|A Ruse Lamp
|l|rarechicken
|l|imkgh
|j|bored dev
|l|Deloruse
|l|papa johnsons
|c|+PatricioPatricio|lastu
|l|BeadyEye
|j|Xy♂ia♂vez♂
|l|Xy♂ia♂vez♂
|l|gay ladyboner
|l|bored dev
|j|bored dev
|l|clickety</script>

<div><script type="text/javascript"><!--
google_ad_client = "ca-pub-6535472412829264";
/* PS replay */
google_ad_slot = "6865298132";
google_ad_width = 728;
google_ad_height = 90;
//-->
</script>
<script type="text/javascript"
src="http://pagead2.googlesyndication.com/pagead/show_ads.js">
</script></div>

		<a href="/replay/" class="pfx-backbutton" data-target="back"><i class="fa fa-chevron-left"></i> More replays</a>

	</div></div>
	<script src="http://play.pokemonshowdown.com/js/lib/jquery-1.11.0.min.js"></script>
	<script src="http://play.pokemonshowdown.com/js/lib/lodash.core.js"></script>
	<script src="http://play.pokemonshowdown.com/js/lib/backbone.js?"></script>
	<script src="http://pokemonshowdown.com/forum/js/panels.js"></script>

	<script src="http://play.pokemonshowdown.com/js/lib/jquery-cookie.js"></script>
	<script src="http://play.pokemonshowdown.com/js/lib/html-sanitizer-minified.js"></script>
	<script src="http://play.pokemonshowdown.com/js/lib/soundmanager2-nodebug-jsmin.js?"></script>
	<script>
		soundManager.setup({url: '//play.pokemonshowdown.com/swf/'});
	</script>
	<script src="http://play.pokemonshowdown.com/config/config.js?v0.11.0b042"></script>
	<script src="http://play.pokemonshowdown.com/js/battledata.js?v0.11.0b042"></script>
	<script src="http://play.pokemonshowdown.com/data/pokedex-mini.js?v0.11.0b042"></script>
	<script src="http://play.pokemonshowdown.com/data/pokedex-mini-bw.js?v0.11.0b042"></script>
	<script src="http://play.pokemonshowdown.com/data/graphics.js?v0.11.0b042"></script>
	<script src="http://play.pokemonshowdown.com/js/battle.js?v0.11.0b042"></script>
	<script src="http://replay.pokemonshowdown.com/js/replay.js?b47"></script>

</body></html>
